2902 4649
14 516 21 777 v*

14 830 19 1107 >

14 1154 21 1455 1

527 155 1130 215 TUSCULANARUM
1166 158 1796 218 DISPUTATIONUM,
1834 164 1875 216 I.
1919 169 2143 219 19—21.

2430 166 2518 230 15«

137 342 258 384 suo
307 342 427 385 non
474 327 726 386 recessit
782 334 842 386 et
898 334 1095 387 tamen
1150 327 1299 387 dixit
1355 327 1605 410 aliquid,
1661 329 1819 410 quod
1877 332 2075 410 ipsum
2131 331 2303 410 quale
2351 341 2513 394 esset

138 421 280 474 erat
323 412 513 474 multo
570 420 706 474 ante
764 421 827 474 et
881 414 1106 476 dictum
1140 424 1222 494 ‚et
1277 417 1656 497 explanatum
1708 436 1741 479 a
1785 418 2049 480 Platone.
2141 419 2517 482 Xenocrates
2586 500 2589 505 ,

137 504 330 562 animi
388 503 637 582 figuram
698 511 758 564 et
818 506 987 582 quasi
1047 523 1267 584 corpus
1339 508 1574 585 negavit
1633 525 1792 588 esse,
1864 506 2127 586 [verum]
2179 528 2510 571 ,numerum

140 590 303 650 dixit
345 609 498 672 esse,
545 594 716 653 cuius
762 594 868 674 vis,
915 601 983 654 ut
1027 595 1142 653 iam
1191 602 1326 655 ante
1364 594 1733 675 Pythagorae
1771 598 1963 657 visum
2011 606 2156 676 erat,
2192 600 2256 657 in
2295 607 2508 660 natura

134 694 421 741 maxuma
467 688 644 741 esset.
734 680 881 742 Eius
938 682 1148 743 doctor
1192 682 1360 744 Plato
1415 685 1712 763 triplicem
1767 686 1937 746 finxit
1983 688 2272 769 animum,
2332 690 2506 748 cuius

131 769 573 849 principatum,
626 769 686 829 id
745 777 838 830 est
891 773 1210 854 rationem,
1275 774 1337 833 in
1396 775 1588 852 capite
1646 776 1804 835 sicut
1865 777 1929 835 in
1993 793 2129 836 arce
2187 777 2389 853 posuit
2445 784 2507 837 et

133 857 295 918 duas
339 865 541 936 partes
587 860 642 918 ei
686 876 899 938 parere
946 858 1163 941 voluit,
1208 862 1357 921 iram
1405 870 1467 923 et
1514 863 1925 944 cupiditatem,
1972 881 2120 942 quas
2165 868 2293 925 suis
2337 865 2503 946 locis,

130 948 297 1007 iram
328 948 393 1006 in
427 953 698 1027 pectore,
748 947 1132 1027 cupiditatem
1174 959 1382 1027 supter
1418 951 1765 1029 praecordia
1804 951 2032 1013 locavit.
2107 952 2503 1015 Dicaearchus
2525 966 2594 1013 21

137 1042 346 1095 autem
393 1037 455 1095 in
503 1053 574 1096 eo
623 1053 917 1117 sermone,
964 1055 1140 1116 quem
1181 1037 1451 1100 Corinthi
1497 1038 1764 1100 habitum
1802 1040 1997 1101 tribus
2034 1040 2204 1102 libris
2242 1045 2504 1123 exponit,

134 1125 459 1185 doctorum
495 1124 803 1185 hominum
843 1125 1273 1205 disputantium
1311 1129 1506 1206 primo
1544 1128 1696 1188 libro
1735 1129 1954 1190 multos
1990 1128 2306 1209 loquentes
2336 1130 2504 1211 facit3

133 1210 380 1273 duobus
424 1212 824 1275 Pherecraten
883 1214 1179 1293 quendam
1222 1215 1564 1277 Phthiotam
1620 1235 1852 1298 senem,
1909 1235 2085 1297 quem
2143 1221 2226 1278 ait
2271 1237 2303 1279 a
2350 1218 2528 1279 Deu-'

134 1300 373 1361 calione
402 1310 646 1382 ortum,
702 1302 1095 1364 disserentem
1143 1303 1398 1385 inducit,
1460 1304 1607 1365 nihil
1663 1324 1796 1366 esse
1843 1309 2085 1367 omnino
2132 1309 2395 1368 animum
2444 1316 2505 1368 et

128 1389 255 1450 hoc
315 1408 450 1450 esse
513 1408 733 1450 nomen
792 1399 984 1452 totum
1052 1395 1230 1453 inane
1299 1393 1644 1472 frustraque
1714 1395 1983 1456 animalia
2053 1403 2114 1456 et
2174 1398 2505 1457 animantes

131 1477 443 1560 appellari,
480 1496 677 1557 neque
715 1481 779 1541 in
816 1480 1058 1541 homine
1095 1483 1293 1542 inesse
1332 1484 1594 1543 animum
1635 1483 1723 1543 vel
1762 1486 2018 1545 animam
2054 1502 2167 1545 nec
2203 1486 2264 1546 in
2294 1484 2510 1566 bestia,

127 1569 377 1646 vimque
426 1585 666 1628 omnem
713 1587 860 1650 eam,
910 1587 1026 1647 qua
1067 1569 1166 1630 ,vel
1213 1588 1455 1649 agamus
1502 1572 1645 1650 quid
1684 1572 1777 1632 vel
1824 1575 2168 1653 sentiamuS,
2213 1576 2275 1633 in
2315 1575 2506 1635 omni·

126 1655 249 1716 bus
312 1654 668 1736 corporibus
728 1659 873 1717 vivis
935 1657 1323 1736 aequabiliter
1393 1677 1526 1720 esse
1589 1660 1782 1721 fusam
1842 1680 1956 1722 nec
2017 1662 2407 1741 separabilem
2470 1680 2503 1722 a

124 1762 387 1828 corpore
436 1763 596 1825 esse,
653 1748 875 1825 quippe
923 1763 1073 1824 quae
1130 1747 1291 1807 nulla
1339 1749 1417 1807 sit
1464 1766 1576 1808 nec
1623 1752 1701 1811 sit
1748 1752 2068 1830 quicquam
2115 1753 2231 1810 nisi
2279 1769 2502 1831 corpus

121 1851 321 1894 unum
369 1842 430 1894 et
474 1834 741 1914 simplex,
786 1836 868 1895 ita
914 1836 1261 1918 figuratum,
1307 1844 1375 1897 ut
1422 1841 1854 1917 temperatione
1901 1847 2148 1900 naturae
2195 1841 2390 1918 vigeat
2438 1848 2504 1900 et

122 2063 411 2125 stooeeuus,
448 2059 546 2127 qui
581 2059 804 2128 neyavit
839 2060 1064 2114 omnino
1089 2060 1264 2115 ullam

122 2145 240 2184 esse
296 2131 567 2195 animam,
621 2131 786 2184 etiam
841 2146 963 2184 cum
1017 2131 1155 2185 vivit
1198 2132 1263 2185 in

123 2198 397 2269 corpore?
461 2199 568 2256 Sed
621 2202 765 2255 sicut
817 2202 881 2255 in
933 2202 1139 2268 fidibus
1193 2218 1261 2257 ex

122 2272 439 2327 intentione
489 2287 781 2327 ‘nervorum
835 2273 984 2341 effici
1041 2288 1260 2329 concor-

122 2344 253 2399 dem
300 2359 494 2398 sonum
550 2349 713 2413 atque
756 2351 1006 2411 cantum,
1061 2346 1144 2399 ita
1198 2346 1264 2400 in

124 2430 361 2484 corpore
421 2431 490 2469 ex
550 2430 806 2485 compaye
866 2417 1135 2470 viscerum
1195 2432 1263 2470 ac

120 2487 323 2555 viyore
380 2487 739 2541 membrorum
817 2487 928 2541 vim
990 2486 1264 2542 sentiendi

121 2558 379 2613 existere.

206 2632 294 2681 20.
335 2646 372 2681 a
415 2627 677 2697 Platone;
720 2628 917 2683 Phado
964 2632 1076 2683 856
1121 2628 1263 2683 w-ird

124 2698 290 2753 diese
329 2699 565 2754 Ansicht
600 2715 713 2754 von
755 2699 936 2754 einem
973 2698 1259 2769 Pythago-

124 2774 261 2825 raer
288 2769 576 2825 Philolaos
603 2772 980 2840 vorgetragen
1007 2771 1122 2825 und
1149 2786 1261 2825 von

130 2840 408 2896 Sokrates
427 2847 495 2895 92
515 2842 554 2898 f.
572 2841 886 2911 widerlegt.
928 2840 1020 2896 Sie
1040 2840 1261 2896 scheint

124 2911 356 2966 damals
401 2912 495 2967 bei
537 2912 667 2966 dem
715 2912 1038 2982 gebildeten
1072 2912 1262 2967 Publi·

125 2982 271 3037 kum
338 2982 452 3037 viel
514 2981 779 3072 Anklang
843 2983 1124 3053 gefnnden
1192 3002 1261 3037 zu

126 3052 338 3109 haben.
376 3054 459 3108 Pl.
481 3070 601 3111 aa.
631 3054 696 3109 O.
734 3073 877 3109 avsv
915 3050 1262 3119 ἀποδείξεως

125 3120 281 3251 ἔέξῗ
308 3120 1260 3264 2553&32:35.22.“².5.⁸.²{⁷.f⁰55;2⁶:3’

126 3285 279 3329 ποις.

212 3338 551 3393 Xenocrates
603 3354 702 3393 aus
757 3337 1085 3394 Chalkedon
1099 3379 1113 3404 ‚
1162 3338 1261 3391 der

128 3408 374 3464 Sehfiler
443 3410 558 3464 und
644 3409 840 3465 zweite
912 3410 967 3465 Ν
969 3408 1261 3478 achfolger

127 3479 366 3547 Platon
405 3498 465 3536 er
490 3481 814 3535 bestimmte
853 3480 945 3535 die
978 3479 1137 3536 Seele
1173 3481 1259 3536 als

124 3549 251 3605 sich
281 3551 460 3607 selbst
485 3552 823 3622 bewegende
843 3551 982 3606 Zahl
1015 3546 1256 3621 ῥυθμός,

126 3617 383 3693 ἄριθμος
436 3619 838 3692 αὖτοκίνητος,
893 3623 1070 3677 κινῶν
1129 3618 1259 3678 ἔαυ-

127 3690 248 3749 τόν.
303 3725 368 3734 -
423 3694 532 3747 Mit
568 3694 696 3748 den
743 3695 979 3748 Worten
1021 3694 1260 3764 fiyuram

128 3770 182 3819 et
200 3765 366 3834 quasi
397 3781 597 3835 corpas
613 3765 735 3820 will
755 3763 869 3821 Cic.
891 3765 1258 3829 ausdruckem

127 3852 246 3890 was
294 3835 399 3889 wir
491 3836 876 3906 hilosophisch
932 3835 1256 3890 ‘Substanz'

130 3922 372 3962 nennen.
490 3924 597 3962 enn
624 3908 811 3978 ἤματα
837 3907 1122 3962 tibet-aetat
1156 3907 1258 3961 das

127 3977 565 4033 Aristotelische
620 3978 795 4046 εἶδος,
847 3979 1009 4047 quasi
1059 3993 1259 4047 corpus

129 4048 240 4103 den
294 4048 584 4104 stoischen
636 4047 856 4120 Begriff
907 4049 1067 4119 σῶμα
1121 4048 1174 4104 (1.
1218 4049 1254 4102 i.

128 4120 426 4175 Substanz.

199 4190 579 4263 Pythayorae,
624 4190 764 4245 fiber
814 4190 937 4246 sein
975 4191 1166 4245 Leben
1214 4208 1257 4244 s,

134 4267 216 4330 16,
253 4266 326 4318 38
362 4280 420 4317 u.
457 4262 537 4315 IV
578 4268 626 4330 1,
665 4269 714 4317 2.

201 4334 392 4389 Plato.
436 4334 600 4388 Nach
628 4333 833 4388 Phadr.
863 4352 918 4403 p.
940 4338 1071 4402 246,
1111 4333 1256 4389 Tim.

1370 2078 1426 2130 p.
1459 2060 1576 2114 ss9d
1624 2061 1853 2115 besteht
1902 2061 1993 2115 die
2042 2062 2202 2117 Seele
2251 2080 2352 2117 ans
2401 2064 2507 2119 der

1372 2130 1749 2199 Vernunft,
1793 2132 1957 2198 νοῦς,
2002 2129 2373 2203 ἡγεμονικόν,
2411 2139 2500 2189 λο-

1370 2198 1653 2271 γιστικόν,
1688 2204 1865 2270 ratim
1909 2202 2080 2272 Mat,
2126 2202 2343 2274 θυμός,
2389 2208 2499 2260 θυ-

1370 2271 1615 2345 μοειδές,
1652 2274 1775 2339 ira,·
1810 2272 2173 2345 Begierde,
2214 2271 2502 2347 ἐπιθυμη-

1369 2341 1549 2413 τικόν,
1586 2346 1883 2413 cupiditas.

1441 2421 1530 2471 21.
1558 2432 1571 2445 ·
1593 2416 1975 2472 Dicaearchus
2046 2434 2146 2472 aus
2218 2419 2504 2488 Messana,

1372 2484 1609 2541 Schiiler
1666 2487 1764 2542 des
1818 2486 2176 2544 Aristoteles,
2250 2490 2327 2543 Er
2382 2508 2499 2546 war

1369 2558 1534 2612 mehr
1569 2557 1884 2613 Historiker
1920 2559 2005 2613 als
2032 2558 2343 2631 Philosoph
2381 2562 2501 2616 und

1369 2627 1705 2698 befleifsigte
1735 2628 1855 2683 sich
1884 2630 2029 2684 auch
2056 2629 2117 2684 in
2145 2630 2340 2686 seinen
2366 2632 2498 2702 phi-

1367 2698 1765 2769 losophischen
1803 2698 2084 2755 Schriften
2128 2701 2281 2757 einer
2317 2719 2502 2772 popu*

1367 2770 1527 2825 laren
1576 2769 1956 2841 Darstellung.
2032 2771 2158 2827 Von
2209 2772 2321 2829 Cic.
2380 2790 2498 2828 war

1369 2857 1430 2895 61·
1476 2841 1713 2896 deshalb
1759 2841 1925 2912 eifrig
1968 2843 2197 2911 gelesen
2246 2846 2308 2912 (s.
2348 2844 2495 2900 Einl.

1370 2917 1400 2977 ἓ
1422 2914 1532 2981 24).
1587 2911 1720 2967 Sein
1745 2912 2159 2970 beriihmtestes
2177 2914 2353 2970 Werk
2379 2933 2505 2971 war

1370 2985 1492 3054 βίος
1548 2978 1840 3052 Ἑλλάδος,
1872 2985 1875 2988 ’
1906 2983 2031 3039 eine
2095 2987 2203 3040 Art
2264 2985 2500 3041 Kultur-

1364 3053 1696 3123 geschichte
1733 3054 2190 3111 Griechenlands.
2264 3056 2496 3112 Densel-

1367 3126 1478 3180 ben
1527 3124 1888 3194 Gegenstand
1932 3125 2040 3181 wie
2096 3127 2189 3182 die
2242 3128 2368 3184 hier
2413 3145 2495 3184 er-

1371 3195 1638 3251 wahnten
1673 3200 2064 3267 Κορινθιακοί
2110 3198 2515 3255 behandelten'

1367 3273 1400 3321 3
1439 3267 1661 3322 Bficher
1696 3270 2008 3340 Λεσβιακοί
2041 3286 2083 3324 S.
2122 3275 2210 3337 31,
2251 3275 2334 3325 77.

1441 3339 1715 3393 animalia
1762 3345 1814 3394 et
1859 3342 2195 3407 animantes,
2241 3341 2357 3406 ζῶα
2393 3340 2500 3396 καὶ

1370 3405 1626 3479 ἔμψυχα,
1683 3409 1784 3464 das
1841 3410 1987 3465 erste
2041 3410 2285 3481 begreift
2338 3412 2492 3467 Men-

1369 3480 1541 3534 schen
1585 3481 1700 3535 und
1739 3481 1903 3536 Tiere
1920 3523 1934 3549 ‚
1981 3482 2081 3536 das
2128 3482 2298 3537 andre
2346 3484 2492 3538 auch

1368 3550 1461 3605 die
1498 3549 1758 3606 Pflanzen
1793 3554 1958 3606 anter
1994 3552 2130 3607 sich.
2199 3556 2499 3624 appellari,

1367 3638 1501 3676 man
1539 3623 1774 3691 spi-eche
1809 3638 1937 3680 von.

1437 3694 1521 3747 vel
1558 3695 1820 3761 animam,
1860 3694 2018 3749 ‘oder
2056 3697 2202 3749 auch
2233 3714 2340 3750 nur
2367 3695 2499 3751 eine

1369 3763 1573 3820 Seele’.
1650 3764 1720 3818 de
1766 3781 1826 3819 re
1872 3764 2005 3834 pub.
2044 3765 2097 3818 II
2135 3772 2229 3834 38,
2280 3773 2349 3821 64
2394 3783 2493 3822 nec

1366 3841 1549 3889 tamen
1605 3837 1781 3891 didici
1818 3868 1884 3877 -
1932 3854 2044 3891 rem
2089 3838 2375 3907 publicam
2422 3869 2496 3880 -

1366 3907 1565 3975 quibus
1609 3908 1853 3962 moribus
1898 3914 1999 3962 aut
2050 3909 2257 3979 leyibus
2292 3910 2490 3963 consti-

1366 3983 1516 4031 tuere
1551 3979 1651 4032 vel
1687 3994 2005 4033 conservare
2037 3980 2324 4047 possimus.

1437 4064 1579 4117 quae
1620 4050 1782 4104 nulla
1825 4051 1925 4117 sit,
1983 4048 2095 4104 Cic.
2132 4050 2252 4104 will
2298 4065 2490 4120 sagen,

1367 4119 1458 4173 die
1487 4119 1651 4174 keine
1680 4121 2015 4191 gesonderte
2035 4120 2297 4176 Existenz
2324 4122 2488 4179 habe.

1438 4193 1756 4259 temperatio
1807 4198 1953 4257 nat„
2018 4190 2110 4246 die
2172 4192 2498 4248 natiirliche

1367 4260 1787 4331 organisation‚
1855 4263 1955 4318 das
2012 4262 2333 4317 Vei-haitais
2389 4264 2494 4318 der
2576 4315 2581 4320 .

1366 4331 1655 4388 einzelnen
1691 4333 1863 4388 Teile.
