2902 4649
586 140 1191 198 TUSCULANARUM
1227 141 1837 197 DISPUTATIONUM
1874 141 1941 196 Π.
1984 147 2212 198 60-63.

2448 143 2575 208 103

211 312 404 389 visse,
460 325 717 388 cumque
766 311 937 388 quasi
983 310 1143 370 faces
1190 311 1244 369 ei
1291 308 1516 370 doloris
1562 308 2048 388 admoverentur,
2105 329 2281 390 saepe
2329 310 2577 371 dixisse:

214 394 407 459 ‘Nihil
465 400 590 477 agis
599 445 619 478 ‚
678 396 871 459 dolor!
933 401 1204 478 quamvis
1265 401 1348 459 sis
1408 398 1722 479 molestuS,
1777 417 2103 477 numquam
2149 408 2209 460 te
2259 418 2390 459 esse
2439 418 2576 460 con-

213 487 435 549 fitebor
480 482 740 548 malum?

401 576 777 655 Omninoque
838 594 1045 637 omnes
1104 576 1250 637 clari
1314 585 1376 638 et
1433 531 2020 638 nohilitatslabores
2082 579 2366 639 continuo
2425 578 2576 639 fiunt
2598 552 2687 615 26

219 756 482 835 gymnici
528 756 939 834 nominantur,
993 772 1242 833 magnus
1288 754 1480 814 honos
1526 756 1630 834 sit,
1686 754 1913 815 nullum
1961 754 2034 815 ab
2081 757 2185 837 iis,
2241 758 2343 834 qui
2399 757 2459 815 in
2516 755 2574 814 id

215 851 529 904 certamen
565 842 959 924 descendant,
995 843 1244 903 devitari
1280 839 1591 903 dolorem?
1681 844 1852 923 Apud
1896 862 2047 922 quos
2088 852 2290 906 autem
2327 844 2576 904 venandi
2644 870 2648 874 ·

218 939 285 993 et
332 932 635 1011 equitandi
681 930 810 993 laus
857 934 1043 1013 viget,
1089 935 1192 1010 qui
1238 932 1390 992 hanc
1435 940 1776 1013 petessunt,
1837 932 2068 993 nullum
2122 934 2360 1012 fugiunt
2415 932 2576 993 dolo·

218 1039 369 1081 rem.
461 1020 615 1091 Quid
663 1020 735 1080 de
784 1023 1007 1081 nostris
1064 1019 1517 1101 ambitionibuS,
1574 1021 1717 1100 quid
1773 1021 1849 1082 de
1903 1022 2223 1101 cupiditate
2282 1021 2577 1081 honorum

216 1106 474 1188 loquar?
520 1127 671 1188 quae
715 1109 951 1169 flamma
998 1118 1117 1190 est,
1163 1128 1272 1189 per
1314 1128 1498 1187 quam
1545 1128 1664 1170 non
1711 1112 2092 1171 cucurrerint
2146 1113 2214 1191 ii,
2269 1113 2373 1189 qui
2430 1110 2576 1170 haec

199 1198 365 1286 ‚olim
411 1201 651 1277 punctis
698 1198 947 1277 singulis
986 1195 1404 1278 contigebant?
1494 1199 1700 1278 Itaque
1750 1217 1987 1278 semper
2013 1200 2326 1260 Africanus
2366 1198 2575 1259 Socra-

216 1290 406 1347 ticum
454 1285 908 1366 Xenophontem
956 1288 1018 1346 in
1065 1286 1339 1348 manibus
1385 1286 1668 1368 habebat,
1720 1291 1894 1348 cuius
1939 1290 2000 1347 in
2048 1291 2257 1367 primis
2304 1288 2579 1348 laudabat

212 1375 393 1457 illud,
450 1376 609 1454 quod
666 1376 895 1436 diceret
940 1376 1182 1436 eosdem
1228 1375 1465 1436 labores
1520 1395 1642 1436 non
1697 1395 1885 1454 aeque
1942 1395 2151 1456 graves
2207 1395 2337 1437 esse
2393 1379 2576 1456 impe-

217 1466 411 1524 ratori
458 1473 518 1526 et
564 1464 763 1546 militi,
811 1465 970 1544 quod
1018 1467 1147 1543 ipse
1194 1465 1384 1526 honos
1421 1464 1687 1526 laborem
1725 1465 2008 1526 leviorem
2056 1466 2280 1526 faceret
2325 1467 2574 1545 impera-

210 1555 457 1614 torium.
551 1552 669 1613 Sed
717 1562 916 1614 tamen
962 1554 1075 1614 hoc
1123 1556 1346 1634 evenit,
1400 1563 1469 1615 ut
1526 1556 1590 1614 in
1645 1554 1852 1633 volgus
1909 1556 2319 1633 insipientium
2375 1556 2573 1633 opinio
2596 1566 2665 1614 63

211 1641 409 1702 valeat
452 1642 809 1723 honestatis„
866 1660 1001 1703 cum
1050 1644 1243 1722 ipsam
1288 1643 1490 1703 videre
1538 1661 1659 1702 non
1706 1645 1954 1722 possint.
2046 1642 2251 1722 Itaque
2309 1644 2462 1703 fama
2517 1652 2578 1702 et

285 1831 435 1897 faces
468 1832 688 1885 doloris.
766 1831 819 1887 S.
858 1850 901 1886 z.
940 1829 967 1883 Ι
1007 1836 1100 1898 19,
1137 1836 1223 1885 44.

287 1901 428 1970 Kap.
459 1900 556 1958 26.
614 1908 699 1956 62.
730 1904 1018 1968 continuo,
1046 1902 1191 1956 ohne
1211 1903 1342 1957 wei-

208 1975 390 2039 116166,
429 1989 539 2027 von
568 1972 769 2041 selbst,
806 1972 1058 2027 niimlich
1095 1974 1344 2029 dadurch

212 2042 342 2097 dass
402 2043 481 2097 sie
534 2045 818 2099 nobilitati
872 2045 1013 2098 sind.
1087 2046 1164 2098 III
1205 2051 1236 2111 ξ
1274 2051 1342 2100 28

208 2120 279 2169 ut
322 2116 634 2186 quicumque
677 2117 963 2170 intueatur
1011 2117 1075 2169 in
1121 2117 1346 2185 aliquod

206 2188 398 2240 maius
441 2188 673 2252 malum,
722 2188 775 2240 si
817 2188 879 2242 id
926 2187 1037 2241 sibi
1085 2189 1347 2243 accidisse

210 2258 498 2326 opinetur,
554 2259 629 2311 sit
679 2260 939 2313 continuo
988 2260 1054 2312 in
1104 2260 1343 2331 aeyritu·

210 2330 362 2385 dine.
435 2329 512 2382 IV
548 2335 577 2394 ξ
616 2335 685 2385 42
733 2332 910 2401 iyitwr
960 2332 1124 2385 etiam
1168 2347 1342 2385 susce·

202 2402 344 2469 ptae
380 2401 640 2454 continuo
667 2402 732 2454 in
765 2419 971 2470 mayna
988 2403 1160 2471 pestis
1179 2408 1345 2471 parte

209 2476 521 2527 versantur.
594 2490 650 2540 p.
691 2471 743 2526 S.
784 2472 947 2528 Rosc.
988 2479 1083 2540 33,
1122 2479 1193 2527 94
1228 2474 1343 2527 non
1376 2519 1388 2533 .

209 2544 504 2608 continuo,
550 2545 603 2596 si
646 2560 728 2598 me
772 2545 837 2597 in
870 2560 1079 2613 yreyem
1113 2546 1342 2599 sicario-

209 2630 339 2667 rum
402 2615 639 2680 contuli,
700 2631 822 2668 sum
892 2615 1145 2669 sicarius.
1236 2615 1342 2669 Die

209 2684 378 2739 Hdss.
435 2684 622 2739 haben
676 2690 994 2754 contempno
1002 2705 1024 2750 ;
1078 2687 1342 2755 313πό1111-

210 2756 331 2810 lioh
352 2755 602 2810 schreibt
620 2773 755 2811 man
773 2757 1142 2811 contendendo
1151 2777 1172 2821 ‚·
1208 2756 1343 2813 aber

214 2825 329 2882 Cic.
370 2827 521 2895 zeigt
555 2826 739 2895 nicht,
789 2828 895 2882 wie
942 2827 1042 2881 der
1079 2828 1341 2882 Schmerz

211 2899 392 2952 durch
426 2896 816 2968 Anspannung
851 2898 952 2952 der
989 2897 1176 2967 Seele,
1215 2915 1340 2952 son·

209 2969 353 3023 dem
394 2969 503 3023 wie
556 2985 616 3023 er
666 2970 843 3024 durch
893 2968 985 3023 die
1036 2970 1341 3040 Bequde·

213 3058 361 3110 rung
398 3039 601 3094 andrer
627 3040 865 3095 leichter
892 3043 1154 3110 ertragen
1181 3040 1337 3096 wird.

282 3112 597 3166 videmusne
650 3117 727 3166 et.-
783 3112 938 3166 Statt
973 3112 1072 3165 des
1105 3111 1341 3166 zweiten

210 3188 262 3235 et
297 3182 448 3251 folgt
483 3183 636 3250 apud
663 3198 796 3251 quos
833 3187 1028 3237 autem.
1101 3182 1231 3253 Vgl.
1260 3182 1340 3235 ΠΙ

213 3260 265 3320 3,
304 3260 337 3307 5
386 3259 447 3308 ot
491 3260 542 3306 et
594 3255 769 3308 morbi
818 3255 1234 3322 perniciosiores
1271 3285 1339 3294 -

215 3324 326 3393 Qui
359 3340 487 3378 vero
522 3325 753 3392 probari
777 3330 971 3395 potest.

283 3397 658 3451 cucurrerint.-
685 3413 790 3464 per
826 3398 979 3465 iynes
1016 3396 1148 3451 oder
1184 3398 1337 3464 flam-

210 3482 357 3520 mam
404 3483 620 3521 currere
670 3467 749 3521 ist
802 3467 927 3522 eine
981 3466 1339 3536 sprichwort·

210 3536 362 3591 liehe
383 3537 697 3592 Redensart.
723 3537 839 3592 ‘die
858 3538 1111 3607 grossten
1128 3539 1339 3593 Miihen

211 3608 312 3661 auf
355 3606 479 3662 sich
523 3609 808 3663 nehmen'.
882 3609 1015 3664 Hor.
1054 3612 1158 3663 sat.
1196 3610 1246 3664 II
1286 3615 1337 3676 3,

211 3684 280 3733 56
317 3681 553 3734 alterum
589 3685 639 3733 et
672 3681 802 3734 huic
835 3697 1031 3735 varum
1076 3686 1128 3735 et
1162 3682 1338 3736 nihilo

208 3750 523 3820 sapientius
556 3751 711 3821 iynes
743 3767 848 3819 per
882 3752 1085 3806 medios
1120 3754 1337 3820 fluvios·

209 3838 310 3890 que
344 3822 578 3876 ruentis.

278 3894 441 3947 haec:
490 3892 738 3947 namlich
779 3893 1019 3948 honores.
1096 3893 1151 3948 S.
1187 3894 1214 3947 Ι
1249 3899 1337 3962 24,

212 3968 278 4018 56
318 3981 487 4033 quam
519 3964 678 4029 vitis,
713 3980 880 4033 quam
918 3964 1135 4020 arboris
1144 3985 1165 4030 ,·
1208 3966 1340 4019 haec

210 4036 355 4089 enim
393 4037 558 4089 etiam
591 4036 827 4089 dicimus
859 4037 1051 4089 vivere.

275 4107 506 4174 punctis
530 4106 785 4175 singulis.
843 4106 957 4160 Vor
983 4107 1084 4160 der
1111 4107 1203 4160 lex
1230 4106 1339 4161 Ga·

208 4176 369 4231 binia
391 4177 695 4232 tabellaria.
720 4177 856 4231 fand
883 4177 1205 4232 miindliche
1224 4177 1339 4231 Ab·

210 4248 523 4318 stimmung
551 4249 693 4302 stati,
720 4248 835 4301 und
864 4248 966 4302 der
988 4254 1212 4319 royator
1237 4265 1337 4303 no-

210 4318 376 4374 tierte
412 4319 604 4375 hinter
640 4318 771 4374 dem
806 4319 1024 4374 Namen
1072 4320 1223 4376 eines
1254 4321 1339 4390 je-

1453 1831 1564 1885 den
1599 1831 1956 1886 Kandidaten
2001 1830 2180 1887 soviel
2224 1831 2445 1891 Punkte
2492 1832 2577 1886 als

1451 1902 1569 1956 ihm
1592 1901 1866 1957 Stimmen
1901 1903 2150 1960 zufielen.
2208 1902 2408 1972 Spiiter
2441 1903 2579 1957 fand

1454 1973 1578 2028 eine
1649 1977 1754 2028 Art
1823 1974 2112 2043 geheimer
2182 1973 2580 2043 Abstimmung

1454 2044 1631 2099 durch
1669 2045 1868 2099 Tafeln
1913 2046 2020 2099 mit
2055 2046 2182 2099 dem
2221 2045 2442 2099 Namen
2479 2046 2577 2099 des

1455 2115 1811 2170 Kandidaten
1843 2118 1997 2171 skatt.
2044 2116 2145 2170 Bei
2173 2117 2302 2170 dem
2332 2119 2577 2170 ersteren

1454 2186 1769 2241 Vei-fabren
1803 2187 2030 2241 bewarb
2069 2188 2190 2242 sich
2235 2188 2333 2241 der
2369 2185 2578 2241 Kandi-

1451 2259 1553 2313 dab
1586 2259 1738 2313 wohl
1774 2276 1870 2313 um
1908 2275 1970 2313 so
2006 2259 2165 2313 mehr
2198 2276 2296 2312 um
2333 2259 2424 2312 die
2462 2258 2576 2312 ein·

1451 2331 1648 2384 zelnen
1686 2330 1987 2398 Stimmen,
2039 2330 2099 2399 je
2155 2330 2315 2384 mehr
2370 2346 2431 2384 er
2485 2331 2577 2385 die

1450 2400 1849 2471 Abstimmung
1876 2403 1976 2455 der
1993 2401 2295 2456 Einzelnen
2323 2401 2574 2456 kontrol-

1450 2472 1628 2527 lieren
1672 2473 1900 2527 konnte.
1976 2472 2176 2541 Spdter
2229 2473 2419 2527 νέω-(16
2475 2473 2577 2526 das

1450 2561 1625 2613 ganze
1655 2542 1924 2598 Geschaft
1956 2545 2056 2599 der
2082 2545 2434 2613 Bewerbung
2461 2546 2575 2598 und

1451 2615 1549 2668 des
1606 2613 1973 2668 Stimmkaufs
2029 2614 2317 2669 einzelnen
2362 2614 2577 2669 Leuben

1450 2685 1512 2740 in
1546 2684 1872 2755 Eutreprise
1909 2687 2181 2755 gegeben.

1523 2756 1742 2825 Itaque.
1815 2755 1922 2811 Die
1985 2756 2093 2810 mit
2145 2758 2333 2825 itaque
2387 2756 2574 2826 einge-

1450 2826 1646 2882 leitete
1673 2827 1994 2897 Folgerung
2031 2828 2184 2882 steht
2220 2830 2334 2882 ersi,
2359 2827 2441 2881 im
2469 2829 2573 2882 Re·

1448 2896 1774 2964 lativsatze3
1804 2898 1987 2954 dieser
2015 2899 2183 2953 sollte
2211 2899 2330 2954 also
2359 2899 2576 2967 Haupt-

1451 2972 1569 3023 satz
1613 2969 1731 3023 und
1779 2971 1845 3024 in
1896 2986 2071 3025 manu
2124 2970 2319 3025 habere
2372 2971 2578 3025 solebat

1447 3039 1797 3095 Relativsatz
1833 3041 1977 3109 sein,
2017 3059 2075 3095 s.
2114 3040 2192 3095 IV
2215 3048 2301 3110 26,
2340 3048 2407 3096 57
2445 3046 2579 3097 sunt

1436 3112 1592 3165 'enim
1627 3113 1814 3166 omnia
1852 3114 1963 3166 ista
2000 3114 2106 3168 eet.

1501 3184 1724 3270 „eosdem
1760 3184 2011 3271 laborem!
2033 3183 2172 3237 Xen.
2215 3182 2334 3269 Cyl-3
2366 3182 2392 3234 I
2424 3189 2475 3250 6,
2507 3187 2576 3269 2'5

1446 3272 1563 3377 22⁰?
1577 3251 2579 3411 02120222f203⁹2202222“22225534

1447 3414 1508 3449 τε
1561 3391 1773 3462 ἀνδρὸς
1820 3395 1921 3450 καὶ
1971 3392 2226 3448 ἰδιώτου·
2279 3390 2380 3448 ἄλλ,
2456 3391 2572 3449 ἔπι-

1448 3468 1711 3553 n'ovqalgse
1744 3486 1800 3520 τι
1835 3462 1871 3534 ἡ
1907 3462 2040 3536 τιμὴ
2079 3462 2215 3528 τοὺς
2243 3463 2457 3528 πόνους
2494 3466 2573 3538 τῷ

1443 3557 1690 3607 aczoni.

1520 3614 1602 3663 63.
1641 3610 1821 3676 ipsam
1855 3609 2063 3675 videre,
2102 3608 2152 3662 d.
2192 3608 2228 3662 i.
2267 3607 2432 3662 ihren
2466 3608 2574 3662 Be-

1446 3679 1600 3749 griff,
1644 3679 1737 3733 ihr
1771 3679 1983 3734 Wesen
2029 3679 2294 3735 erfassen.
2368 3680 2456 3733 Da.
2493 3681 2575 3734 sie

1446 3749 1567 3805 dies
1603 3749 1764 3804 nicht
1799 3750 2051 3819 konnen,
2096 3750 2285 3805 lassen
2331 3751 2412 3806 sie
2451 3751 2573 3805 sich

1446 3838 1560 3876 von
1596 3822 1723 3876 dem
1769 3822 2135 3890 bestimmen,
2180 3839 2296 3876 was
2341 3822 2420 3875 im
2468 3822 2570 3875 all-

1445 3892 1745 3961 gemeinen
1771 3892 1861 3946 fiir
1889 3893 2092 3947 ehrbar
2125 3892 2248 3962 gilt.
2320 3892 2450 3961 Vgl.
2480 3892 2575 3946 die

1446 3963 1812 4033 Ausfiihrung
1847 3964 1928 4017 III
1963 3970 1992 4029 ξ
2032 3970 2080 4018 3.
2157 3963 2227 4018 de
2273 3962 2363 4027 Qff.
2402 3963 2482 4016 III
2520 3969 2575 4032 3,

1450 4041 1517 4089 13
1557 4036 1637 4090 In
1672 4036 1746 4089 iis
1781 4041 1986 4102 autem,
2022 4037 2087 4089 in
2121 4036 2321 4104 quibus
2355 4035 2572 4104 sapien-

1447 4107 1532 4160 tia
1572 4107 1822 4174 perfecta
1869 4122 1983 4160 non
2031 4112 2136 4172 est,
2195 4107 2379 4175 ipsum
2428 4107 2573 4159 illud

1446 4178 1664 4246 quidem
1717 4179 2022 4246 perfeetum
2074 4177 2352 4245 honestum
2416 4178 2572 4231 nullo

1444 4249 1632 4314 modo,
1658 4249 2047 4302 similitudines
2073 4249 2283 4303 honesti
2314 4264 2424 4303 esse
2444 4265 2572 4316 pos-

218 668 402 727 etiam
445 664 801 726 tolerabiles,
893 664 1254 726 videmusne
1310 674 1370 726 et
1424 664 1582 744 apud
1638 684 1790 744 quos
1847 684 2056 726 eorum
2112 667 2416 747 ludorum,
2473 668 2578 744 qui
2598 630 2665 677 62
