2902 4649
552 148 1152 205 TUSCULANARUM
1188 147 1805 205 DISPUTATIONUM
1840 151 1934 206 111.
1973 156 2200 227 ⁸1-84:
2469 148 2555 213 47

202 335 341 377 nam
407 324 468 378 et
521 316 788 377 invidere
844 315 1232 396 aegritudinis
1288 324 1407 398 est,
1474 323 1535 377 et
1594 315 1879 378 aemulari
1944 324 2006 378 et
2069 316 2435 397 obtrectare,
2499 323 2559 377 et

202 407 474 467 misereri
524 412 587 467 et
631 407 794 485 angi,
839 405 1045 485 lugere
1092 423 1362 467 maerere
1410 423 1694 467 aerumna
1741 405 1940 487 adfici,
1985 406 2298 467 lamentari
2343 405 2556 467 solliei-

203 496 319 556 tari
363 493 594 574 dolere,
641 496 702 554 in
749 493 1017 556 molestia
1064 512 1197 555 esse
1244 494 1536 556 adflictari
1581 495 1918 575 desperare.
2009 495 2169 556 Haec
2217 496 2411 555 omnia
2458 494 2557 555 de·
2577 506 2649 556 84

202 584 420 644 finiunt
458 582 662 663 Stoici,
709 601 895 663 eaque
934 582 1132 665 verba,
1181 602 1330 663 quae
1369 584 1509 663 dixi,
1556 584 1925 663 singularum
1962 602 2168 645 rerum
2207 591 2364 665 sunt,
2418 602 2560 665 non,

202 680 273 735 ut
317 672 613 753 videntur,
659 671 899 733 easdem
944 691 1043 733 res
1091 673 1441 755 significant,
1487 672 1592 733 sed
1641 672 1859 753 aliquid
1898 672 2199 754 differunt,
2233 672 2404 752 quod
2443 673 2555 733 alio

106 756 127 771 ⁶
201 762 335 822 loco
391 760 643 823 fortasse
699 760 1102 823 tractabimus.
1194 762 1355 823 Haeo
1411 771 1557 823 sunt
1609 761 1746 823 illae
1800 761 1982 839 fibrae
2048 764 2351 844 stirpium,
2409 780 2556 842 quas

202 852 376 912 initio
440 849 587 929 dixi,
653 851 1103 930 persequendae
1166 860 1228 912 et
1292 868 1500 913 omnes
1566 849 1896 932 eligendae,
1960 869 2035 912 ne
2096 869 2380 931 umquam
2438 850 2557 912 ulla

201 942 396 1018 possit
432 941 739 1000 exsistere.
831 939 1108 1019 Magnum
1147 958 1298 1020 opus
1336 949 1397 1000 et
1434 939 1691 1021 difficile,
1737 941 1873 1019 quis
1910 936 2132 1020 negat?
2178 940 2320 1019 quid
2358 948 2558 1001 autem

204 1028 574 1107 praeclarum
623 1046 745 1088 non
791 1028 949 1088 idem
995 1026 1295 1090 arduum?
1348 1029 1456 1089 sed
1512 1037 1708 1089 tamen
1757 1028 1816 1089 id
1865 1046 1930 1089 se
1978 1029 2324 1090 effecturam
2369 1028 2556 1109 philo-

201 1116 413 1197 sophia
458 1118 799 1198 profitetur‘,
855 1135 965 1178 nos
1020 1117 1195 1178 modo
1254 1120 1627 1181 curationem
1683 1120 1812 1178 eius
1867 1119 2244 1197 recipiamus.
2336 1116 2557 1179 Verum

198 1206 350 1267 haee
396 1205 635 1286 quidem
682 1205 1000 1268 haetenus:
1056 1214 1256 1268 cetera
1310 1207 1848 1286 quotienscumque
1895 1205 2104 1267 voletis
2160 1213 2222 1267 et
2266 1206 2380 1267 hoe
2404 1206 2556 1267 'loco

207 1303 270 1355 et
316 1294 444 1356 aliis
489 1302 693 1375 parata
740 1294 907 1356 vobis
952 1304 1148 1356 erunt.

275 1471 326 1519 et
369 1466 614 1521 invidere
658 1466 1026 1536 aeyritudinia
1069 1471 1174 1533 eat,
1226 1466 1326 1521 der
1507 1472 1594 1522 84.
1631 1467 1907 1534 definiunt
1934 1465 2126 1533 Stoici,
2162 1483 2204 1520 s.
2234 1464 2312 1520 IV
2339 1472 2390 1535 8,
2424 1472 2486 1522 17
2518 1466 2556 1523 f.

200 1536 350 1591 Neid
420 1537 498 1591 ist
570 1536 695 1592 eine
757 1537 927 1592 Form
999 1536 1099 1592 des
1152 1538 1323 1592 Kum-
1503 1538 1753 1607 fortasse.
1831 1538 1884 1593 S.
1923 1536 2067 1591 Einl.
2105 1542 2136 1603 ς
2178 1542 2260 1592 10.

201 1623 376 1675 mers;
407 1605 412 1612 ”
440 1609 540 1663 der
594 1606 724 1662 Satz
777 1606 960 1663 bildet
1012 1608 1104 1663 ein
1160 1607 1325 1663 G'rlied
1504 1609 1635 1663 haee
1670 1609 1756 1664 als
1793 1608 2148 1663 Femininum
2183 1607 2388 1678 plural.
2428 1625 2471 1663 a.
2511 1628 2555 1664 z.

199 1678 292 1733 fiir
345 1677 488 1749 sich,
556 1679 684 1734 dem
747 1679 868 1734 sich
923 1679 1059 1735 zwei
1114 1696 1215 1734 aus
1262 1679 1323 1750 je
1430 1679 1458 1733 I
1495 1684 1525 1745 ξ
1563 1684 1651 1736 22.

201 1749 341 1805 zwei
384 1750 462 1804 Be
537 1750 549 1763 ⁹
626 1768 666 1805 n
712 1751 1055 1807 bestehende
1097 1750 1325 1806 Glieder
1509 1750 1660 1821 Quid
1695 1757 1877 1807 autem
1907 1751 2111 1820 praed.
2126 1792 2143 1817 ,
2181 1751 2283 1806 das
2319 1750 2556 1838 griechi-

201 1821 454 1902 ansohlie
478 1838 600 1889 sen,
675 1822 792 1876 und
867 1822 1050 1878 dieser
1111 1838 1325 1893 ganzen
1433 1822 1566 1878 sche
1613 1821 1959 1911 Spriehwort
2014 1817 2232 1892 χαλεπὰ
2294 1843 2363 1877 τα
2410 1818 2557 1877 καλά

199 1892 380 1948 Reihe
426 1893 578 1947 steht
622 1893 751 1948 eine
792 1893 987 1948 zweite
1025 1896 1324 1965 entgegen,
1433 1895 1572 1949 oder
1608 1895 1855 1950 δυσκολα
1892 1889 1962 1949 τὰ
1999 1889 2164 1950 καλά.

202 1964 295 2018 die
331 1961 542 2019 wieder
576 1963 635 2019 in
674 1964 792 2020 drei
830 1981 931 2019 aus
973 1963 1022 2019 'e
1064 1964 1184 2019 drei
1220 1965 1324 2021 Be·
1504 1966 1604 2020 hoc
1659 1967 1801 2033 loco,
1855 1965 1913 2019 in
1961 1965 2059 2020 der
2101 1964 2410 2020 Akademie
2456 1963 2555 2019 des

200 2034 403 2105 griffen
439 2034 782 2090 bestehende
822 2035 948 2091 Glie
988 2051 1050 2090 er
1086 2035 1324 2091 zerffillt.
1433 2036 1842 2093 Tusculanum
1880 2055 1922 2092 s.
1962 2042 2012 2107 3,
2054 2043 2101 2092 7.
