2902 4649
558 158 1159 278 TUSCULANARIJM
1193 159 1805 218 DISPUTATIONUM
1840 161 1934 218 IV.
1975 167 2202 221 62—66.
2465 164 2553 228 85
2593 201 2612 224 ι

198 334 425 409 metus,
471 325 545 387 de
584 345 702 406 qno
739 345 925 407 pauca
963 327 1214 388 dicenda
1250 336 1408 389 sunt.
1500 327 1610 389 Est
1654 330 1814 390 enim
1858 337 2082 412 metuS,
2129 337 2196 391 ut
2242 331 2551 409 aegritudo

196 417 536 496 praesentis
543 463 562 496 ,
600 418 686 478 sic
722 415 822 476 ille
861 417 1049 478 futuri
1086 416 1242 480 mali.
1305 416 1514 496 Itaque
1551 435 1673 482 non
1709 417 1857 479 nulli
1894 418 2283 498 aegritudinis
2319 427 2552 499 partem

196 504 492 586 quandam
554 514 781 566 metum
837 524 970 566 esse
1025 505 1331 588 dicebant3
1386 506 1485 568 alii
1539 514 1739 568 autem
1796 513 2023 570 metum
2074 508 2554 588 praemolestiam

195 593 597 675 appellabant,
646 593 805 673 quod
851 601 1012 656 esset
1056 597 1230 674 quasi
1275 594 1395 659 dux
1433 598 1858 674 consequentis
1903 595 2225 659 molestiae.
2319 596 2551 669 Quibus

194 686 381 763 igitur
418 682 751 760 rationibus
787 686 1070 745 instantia
1105 684 1415 766 feruntur,
1454 683 1679 746 eisdem
1715 692 2183 748 contemnuntur
2219 688 2550 767 sequentia.

191 772 344 834 Nam
380 770 702 834 videndum
748 779 840 833 est
885 775 948 834 in
996 774 1300 855 utrisque,
1345 792 1421 835 ne
1469 773 1614 852 quid
1658 773 1882 836 humile
1925 777 2330 857 summissum,
2373 775 2552 838 molle

194 862 643 942 ecfeminatum,
698 861 956 922 fractum
1012 860 1431 942 abiectumque
1488 863 1789 931 faciamus,
1882 863 2001 924 Sed
2064 880 2421 944 quamquam
2477 864 2551 925 de

191 952 385 1031 ipsius
432 957 628 1011 metus
674 952 1099 1032 inconstantia,
1153 949 1568 1033 inbecillitate,
1619 951 1856 1013 levitate
1916 952 2236 1014 dicendum
2293 961 2412 1034 est,
2466 961 2550 1014 ta-

192 1056 333 1100 men
392 1038 646 1100 multum
689 1039 938 1119 prodest
983 1057 1079 1122 ea,
1135 1058 1287 1119 quae
1333 1048 1713 1123 metuuntur,
1771 1043 1901 1121 ipsa
1945 1048 2348 1105 contemnere.
2437 1041 2551 1102 Ita·

196 1146 315 1207 que
362 1129 487 1187 sive
534 1146 677 1189 casu
724 1128 937 1192 accidit
983 1130 1106 1190 sive
1153 1129 1429 1210 consilio,
1485 1129 1905 1209 percommode
1953 1129 2175 1192 factum
2220 1138 2340 1213 est,
2391 1130 2552 1210 quod

195 1219 281 1278 eis
339 1216 416 1277 de
475 1215 684 1299 rehuS,
748 1236 899 1296 quae
955 1220 1207 1279 maxime
1260 1224 1643 1300 metuuntur,
1707 1218 1781 1280 de
1836 1227 2030 1281 morte
2085 1228 2146 1281 et
2200 1219 2273 1281 de
2330 1219 2553 1300 dolore,

189 1308 391 1385 primo
457 1314 517 1367 et
577 1324 870 1385 proxumo
934 1307 1030 1367 die
1094 1306 1464 1387 disputatum
1534 1314 1641 1368 est.
1733 1307 1897 1379 Quae
1969 1310 2022 1369 si
2082 1308 2331 1389 probata
2393 1317 2553 1390 sunt,

195 1402 365 1456 metu
413 1412 624 1473 magna
669 1414 741 1456 ex
787 1403 957 1476 parte
1003 1394 1240 1457 liberati
1291 1415 1517 1458 snmuS.

372 1483 457 1544 Ac
503 1483 576 1544 de
624 1484 914 1546 malorum
961 1487 1239 1565 opinione
1286 1486 1605 1547 hactenus:
1652 1486 1956 1547 videamus
2016 1504 2177 1547 nunc
2235 1485 2310 1549 de
2366 1485 2548 1547 bono·
2571 1463 2655 1526 31

193 1591 360 1651 rum,
408 1572 469 1633 id
515 1580 608 1633 est
652 1572 725 1633 de
770 1573 994 1636 laetitia
1040 1581 1100 1634 et
1145 1573 1218 1634 de
1267 1574 1610 1654 cupiditate.
1646 1591 1649 1594 ’
1700 1573 1846 1636 Mihi
1888 1575 2134 1654 quidem
2178 1577 2242 1636 in
2287 1582 2412 1636 tota
2458 1593 2549 1636 ra·

192 1664 360 1722 tione
409 1679 506 1742 ea,
563 1680 713 1740 quae
760 1664 1022 1742 pertinet
1068 1662 1140 1723 ad
1186 1664 1367 1724 animi
1410 1661 1951 1745 perturbationem,
2005 1682 2123 1725 una
2167 1682 2268 1724 res
2312 1663 2551 1725 videtur

190 1768 439 1812 causam
484 1752 819 1834 continere,
874 1769 1083 1813 omnes
1128 1770 1231 1812 eas
1282 1770 1414 1813 esse
1463 1754 1526 1812 in
1571 1759 1776 1813 nostra
1820 1760 2141 1835 potestate,
2195 1771 2405 1815 omnes
2458 1755 2549 1814 iu·

197 1839 354 1901 dicio
395 1847 730 1921 susceptae,
776 1857 984 1901 omnes
1020 1840 1401 1903 voluntarias,
1475 1840 1588 1902 Hic
1624 1843 1808 1921 igitur
1846 1859 2020 1902 error
2055 1849 2148 1903 est
2184 1842 2549 1922 eripiendus„

195 1928 344 1990 haec
392 1927 756 1989 detrahenda
802 1930 1001 2008 opinio
1049 1937 1256 2012 atque,
1310 1938 1378 1991 ut
1422 1931 1486 1990 in
1535 1930 1704 1991 malis
1750 1932 2006 2010 opinatis
2050 1930 2406 2014 tolerabilia,
2460 1933 2548 1992 sic

194 2019 257 2078 in
324 2016 497 2077 bonis
562 2017 854 2079 sedatiora
911 2026 1053 2080 sunt
1108 2018 1419 2080 efficienda
1484 2037 1582 2101 ea,
1646 2037 1798 2097 quae
1860 2038 2072 2098 magna
2135 2027 2198 2080 et
2257 2018 2552 2082 laetabilia

194 2107 516 2167 ducuntur.
607 2106 801 2186 Atque
847 2107 962 2167 hoc
1009 2106 1250 2186 quidem
1287 2126 1602 2169 commune
1646 2106 1938 2190 malorum
1986 2116 2046 2169 et
2091 2107 2414 2190 honorum,
2459 2118 2546 2189 ut,

2570 1539 2638 1590 65

268 2275 412 2347 Kap.
449 2276 548 2333 30.
625 2282 708 2334 64.
746 2278 827 2334 sic
860 2278 985 2345 271ae
1021 2278 1134 2348 vgl.
1172 2278 1199 2333 I
1236 2284 1321 2346 17,

197 2356 271 2404 40
324 2350 567 2418 reliquae
615 2350 759 2405 duae
803 2355 1025 2419 partes,
1079 2355 1145 2405 ut
1192 2351 1324 2405 alae

196 2421 506 2490 maiores
540 2449 614 2460 —-
641 2420 934 2490 feramur,
968 2422 1051 2477 sic
1084 2422 1187 2485 hae
1214 2423 1321 2476 cet.

271 2492 643 2561 aegritudinis
660 2498 893 2561 partem.
944 2491 1113 2548 Diese
1141 2492 1322 2548 schei-

192 2580 314 2618 nen
350 2562 472 2617 also
518 2579 623 2616 nur
659 2563 797 2617 zwei
833 2562 1188 2633 Hauptarten
1224 2563 1326 2618 der

188 2632 667 2689 Leidensehaften
694 2649 1107 2704 angenommen
1134 2652 1202 2688 zu
1219 2635 1320 2688 ha.-

189 2707 311 2761 ben
324 2745 339 2773 ‚
377 2703 469 2759 die
505 2704 1195 2776 Niedergeschlagenheit,
1232 2723 1321 2760 ae-

188 2776 448 2848 ‚en-itudo,
492 2775 606 2830 und
655 2775 746 2830 die
791 2775 1101 2846 Erregung.
1177 2776 1324 2831 Wen

193 2847 316 2903 Cic,
352 2846 433 2901 im
462 2846 631 2902 Sinne
667 2847 796 2917 hat,
831 2847 970 2902 latet
1006 2848 1127 2903 sich
1162 2847 1322 2903 nicht

194 2934 680 3061 easssslaemolestia,
717 2988 810 3043 ein
844 3006 959 3045 von
995 2989 1107 3047 Cic.
1147 2988 1324 3045 selbst

239 3059 516 3117 ebildetes
552 3060 743 3127 Wort,
791 3059 890 3115 das
923 3060 1085 3116 nieht
1118 3059 1178 3114 in
1217 3058 1322 3116 Ge-

235 3133 414 3186 rauch
456 3130 794 3201 gekommen
837 3131 928 3186 iet.
1000 3131 1165 3187 Plato
1202 3148 1320 3202 rep.

192 3203 280 3257 IX
299 3207 450 3262 5840
478 3205 607 3271 sagi:
631 3198 1016 3272 προησθήσεις
1042 3203 1157 3257 und
1185 3222 1321 3272 προ-

196 3270 483 3342 λυπήσεις.

275 3346 423 3411 duoe,
462 3344 555 3400 die
591 3344 965 3401 Vorlituferin.

271 3417 577 3486 sequentia,
613 3417 666 3472 cl.
704 3416 741 3470 i.
778 3417 993 3482 futura.
1066 3417 1147 3471 III
1184 3421 1213 3481 ὃ
1253 3423 1321 3471 33

190 3488 628 3558 praeteritarum
660 3488 920 3542 memoria
963 3492 1015 3541 et
1058 3503 1153 3557 spe
1197 3504 1321 3542 con-

197 3559 557 3628 sequentium.

273 3630 388 3684 sive
413 3643 547 3684 casu
573 3630 778 3684 accidit
800 3630 913 3684 sive
938 3629 1196 3695 consilio;
1233 3628 1325 3683 ein

198 3702 480 3771 Zeugma,
530 3699 680 3755 donn
728 3718 795 3753 zu
840 3701 1068 3755 conet'lio
1113 3700 1188 3754 ist
1221 3716 1322 3754 aus

198 3773 334 3826 dem
370 3770 886 3841 Vorhergehenden
930 3789 999 3826 zu
1046 3776 1322 3841 ergttnzen

199 3844 416 3911 facwm
451 3848 555 3910 eet,
593 3843 729 3898 oder
756 3843 956 3908 evenit,
993 3842 1068 3896 da
1100 3843 1322 3909 accidit,

198 3915 304 3969 das
369 3913 572 3968 immet
634 3913 737 3968 auf
794 3915 968 3968 etwas
1015 3912 1322 3984 Zufalliges

202 3986 339 4041 oder
375 3985 792 4040 Unerwartetes
829 3986 993 4054 geht,
1039 4001 1108 4039 ιιι
1144 3987 1321 4040 consi·

201 4058 280 4112 lio
325 4055 488 4111 nicht
531 4072 738 4126 passen
782 4055 991 4112 wfirde.
1064 4056 1179 4110 Far
1215 4056 1325 4111 den

201 4126 514 4184 Godanken
549 4127 663 4198 vgl.
700 4126 846 4182 Einl.
884 4130 916 4192 5
956 4132 1039 4183 10.

265 4200 455 4269 primo
490 4203 541 4252 et
566 4199 826 4268 proximo
861 4199 978 4266 die,
1023 4198 1104 4253 im
1140 4199 1326 4254 ersten

201 4271 320 4326 und
355 4270 591 4326 zweiten
626 4268 833 4325 Buche.

275 4341 421 4412 Καρ.
447 4340 547 4397 31.
605 4345 690 4396 65.
712 4341 1203 4409 perturbationem,
1231 4340 1322 4395 die

1429 2277 1826 2334 Leidensehaft
1862 2277 1941 2332 im
1978 2277 2380 2349 allgemeinen3
2424 2278 2552 2335 dar-

1430 2349 1530 2404 auf
1559 2349 1786 2404 bezieht
1813 2350 1936 2404 sich
1963 2351 2064 2405 der
2089 2350 2283 2406 Plural
2310 2367 2418 2418 eas,
2457 2351 2550 2406 die

1430 2420 1720 2475 einzelnen
1755 2422 1934 2476 Arten
1987 2422 2088 2476 der
2134 2421 2549 2478 Leidenschaft.

1430 2492 1501 2546 de
1538 2492 1631 2545 fin,
1679 2491 1731 2545 V
1786 2498 1881 2561 23,
1937 2498 2004 2548 66
2061 2495 2284 2563 quando
2336 2494 2554 2563 quidem

1430 2564 1711 2618 honestum
1761 2569 1862 2618 aut
1909 2565 2038 2634 ipsa
2085 2566 2264 2619 virtus
2319 2570 2396 2620 est
2452 2569 2554 2620 aut

1430 2650 1537 2689 res
1570 2639 1759 2704 qesta
1785 2635 2015 2703 veh-tute,
2043 2636 2242 2704 quibas
2265 2636 2427 2691 rebus
2445 2637 2552 2692 oet.

1430 2705 1500 2759 de
1540 2705 1649 2775 leg.
1687 2704 1715 2757 I
1756 2711 1848 2775 14,
1886 2711 1958 2761 40
2003 2722 2156 2760 nemo
2201 2712 2314 2761 tam
2361 2708 2554 2761 audax

1428 2793 1690 2846 umquam
1723 2777 1839 2844 fuit
1852 2819 1872 2844 ,
1903 2777 2042 2847 quin
2070 2808 2139 2816 —
2168 2778 2552 2845 defensionem-

1429 2863 1532 2917 que
1567 2848 1840 2914 facinoris
1875 2865 1914 2903 a
1947 2853 2186 2904 naturae
2235 2850 2385 2904 iare
2421 2849 2552 2904 ali·

1428 2933 1554 2988 qao
1589 2925 1880 2989 quaereret.
1959 2918 2143 2990 Quae
2185 2922 2240 2976 si
2275 2920 2555 2990 appellare

1430 2989 1639 3045 audent
1672 2990 1910 3060 improbi
1933 3021 2018 3045 -—.

1502 3060 1618 3115 Hic
1671 3062 1696 3115 i
1743 3063 1848 3116 ‘bm-
1897 3077 2066 3117 error.
2139 3062 2273 3117 Man
2309 3061 2552 3117 beachte

1431 3131 1524 3186 die
1569 3132 1693 3187 Nae
1822 3131 2029 3202 sigkeit
2072 3132 2134 3187 in
2167 3132 2281 3204 {der
2316 3133 2554 3188 Verbin-

1430 3203 1611 3275 dung,
1660 3203 1734 3258 da
1768 3204 1859 3259 hic
1907 3219 2061 3259 error
2111 3204 2290 3272 steht,
2342 3203 2427 3258 als
2480 3204 2554 3258 ob

1431 3274 1524 3329 die
1589 3276 2120 3346 entgegengesetzte
2175 3274 2552 3345 Behauptung

1432 3346 1828 3416 vorausginge.
2312 3416 2553 3486 lugenda

1505 3418 1841 3484 tolerabilia,
1869 3414 2119 3470 namlich
2144 3432 2285 3486 quae

1435 3493 1486 3543 et
1520 3504 1634 3542 non
1667 3487 1896 3555 ferenda
1930 3488 2203 3542 videntum.

1503 3559 1781 3614 sedatiora
1816 3557 2133 3624 efficienda,
2182 3558 2292 3613 ‘als
2337 3558 2553 3628 gleich-

1430 3629 1680 3699 gfiltiger
1747 3627 2164 3684 darzustellen’.
2265 3626 2381 3685 Das
2445 3629 2556 3684 den

1431 3699 1712 3784 geistigen
1738 3699 1983 3754 Zustand
2013 3699 2423 3755 bezeichnende
2440 3699 2555 3755 Ad·

1429 3771 1617 3842 Jektiv
1651 3770 1794 3825 wird
1838 3771 1942 3825 anf
1991 3771 2083 3826 die
2141 3770 2321 3826 Sache
2377 3771 2554 3825 selbst

1432 3844 1768 3912 fibertragen
1781 3883 1796 3908 ‚
1846 3841 1938 3896 die
1990 3842 2101 3898 den
2137 3842 2383 3896 Zustand
2427 3843 2553 3896 her-

1432 3912 1675 3982 vorruft,
1723 3912 1831 3968 wie
1873 3914 2018 3969 auch
2055 3914 2394 3982 tranquillus
2438 3928 2554 3968 von

1435 3985 1536 4040 der
1572 3984 2087 4068 Gemiitstimmung
2120 3983 2237 4038 und
2272 3983 2381 4039 den
2417 3984 2554 4039 Din-

1432 4057 2092 4198 geztgzzafficzlniilaem;
2128 4124 2266 4195 dies,
2302 4127 2555 4208 natalicii

1434 4197 1557 4253 dass
1593 4215 1726 4254 man
1761 4198 1860 4253 das
1890 4198 1982 4252 fiir
2015 4197 2401 4270 unertrfiglich
2436 4198 2555 4268 gel-

1432 4270 1603 4325 tende
1675 4270 1759 4325 als
1843 4267 2144 4339 ertraglich
2159 4311 2174 4340 ‚
2255 4269 2371 4323 und
2452 4268 2554 4323 das

1430 4340 1524 4395 fiir
1577 4333 2023 4396 allzuerfreulieh
2074 4339 2421 4412 angesehene
2470 4340 2554 4393 als
