2902 4649
575 124 1176 211 TUSCULANARUM
1213 154 1825 212 DISPUTATIONUM
1861 154 1902 209 Ι.
1942 159 2171 210 80-84.
2469 153 2562 218 49

187 326 463 403 interire,
510 331 579 384 ut
625 340 871 402 corpus:
918 341 1063 383 num
1109 324 1294 401 igitur
1339 321 1554 401 aliquis
1602 321 1772 382 dolor
1810 329 1912 383 aut
1950 323 2191 382 omnino
2228 328 2366 401 post
2402 338 2562 381 mor-

194 422 316 474 tem
355 430 573 473 sensus
610 414 672 471 in
711 429 963 491 corpore
1003 407 1138 471 est‘?
1182 410 1379 485 ,Nemo
1416 410 1477 471 id
1516 411 1758 489 quidem
1796 411 1961 491 dicit,
2003 412 2119 471 etsi
2154 409 2563 471 Democritum

194 501 506 562 insimulat
550 500 867 582 EpicuruS,
912 499 1258 560 Democritii
1306 507 1541 578 negant.
1623 499 1712 559 Ne
1758 502 1821 560 in
1864 502 2059 559 animo
2099 498 2341 577 quidem
2377 499 2565 577 igitur

200 607 414 651 sensus
470 596 766 669 remanet3
821 591 951 668 ipse
1006 591 1167 649 enim
1222 606 1518 667 nusquam
1568 597 1674 648 est.
1766 586 1882 648 Ubi
1936 590 2120 665 igitur
2176 587 2395 648 malum
2453 594 2563 668 est,

190 681 482 758 quoniam
529 677 676 737 nibil
722 679 967 738 tertium
1014 674 1148 738 est?
1196 695 1269 736 an
1316 680 1445 757 ipse
1494 679 1674 736 animi
1721 676 2025 738 discessus
2071 694 2104 736 a
2141 694 2395 755 corpore
2439 694 2561 737 non

190 769 263 828 fit
307 769 437 828 sine
486 763 732 827 dolore?
805 765 883 826 Ut
929 765 1168 826 credam
1216 770 1296 827 ita
1343 784 1504 846 esse,
1559 783 1738 844 quam
1793 773 1887 826 est
1931 765 1992 825 id
2060 764 2364 843 exiguum!
2442 763 2560 824 Sed

194 855 413 917 falsum
463 873 595 916 esse
643 854 932 936 arbitror,
988 861 1050 915 et
1095 855 1161 916 fit
1206 854 1561 934 plerumque
1617 856 1747 914 sine
1804 872 2012 934 sensu,
2068 871 2187 912 non
2235 870 2563 931 numquam

191 947 377 1005 etiam
426 962 561 1005 cum
609 943 929 1024 voluptate,
975 951 1288 1022 totumque
1335 943 1450 1004 hoc
1495 942 1624 1003 leve
1673 952 1792 1023 est,
1839 941 2294 1021 qualecumque
2320 949 2438 1003 est:
2496 943 2563 1001 fit

194 1036 357 1093 enim
405 1032 478 1093 ad
524 1041 815 1112 punctum
863 1035 1169 1111 temporis,
1260 1032 1411 1093 Illud
1461 1034 1624 1111 angit
1669 1031 1761 1092 vel
1807 1033 2008 1111 potius
2049 1032 2385 1112 excruciat,
2440 1029 2558 1090 dis·
2580 1043 2650 1093 83

194 1140 409 1183 cessus
457 1121 528 1182 ab
576 1120 853 1182 omnibus
899 1123 1001 1201 iis,
1056 1139 1208 1200 quae
1264 1127 1406 1182 sunt
1462 1120 1616 1181 bona
1662 1122 1723 1180 in
1772 1122 1905 1180 vita.
1997 1118 2143 1179 Vide
2190 1137 2265 1179 ne
2313 1137 2346 1178 a
2392 1118 2561 1178 malis

197 1210 323 1272 dici
366 1213 569 1271 verius
615 1212 821 1289 possit.
915 1209 1070 1280 Quid
1119 1229 1230 1289 ego
1277 1228 1438 1270 nunc
1485 1209 1719 1289 lugeam
1765 1210 1947 1269 vitam
1992 1204 2345 1268 hominum?
2408 1206 2562 1266 Vere

199 1308 262 1360 et
306 1300 443 1360 iure
487 1317 760 1379 possum3
809 1298 913 1359 sed
961 1298 1103 1377 quid
1151 1317 1398 1360 necesse
1445 1306 1556 1379 est,
1604 1315 1740 1358 cum
1783 1296 1845 1357 id
1886 1315 2073 1377 agam,
2118 1315 2196 1357 ne
2232 1304 2369 1376 post
2405 1314 2562 1356 mor·

194 1397 322 1449 tem
375 1390 632 1448 miseros
695 1405 806 1448 nos
871 1395 1151 1466 putemus
1212 1388 1367 1467 fore,
1432 1390 1612 1448 etiam
1664 1388 1845 1447 vitam
1902 1385 2142 1446 efficere
2198 1384 2562 1465 deplorando

197 1473 621 1538 miseriorem?
685 1475 961 1536 Fecimus
1007 1475 1121 1536 hoc
1165 1478 1229 1536 in
1278 1495 1348 1536 eo
1393 1475 1567 1557 libro,
1612 1477 1674 1535 in
1723 1492 1841 1553 quo
1889 1482 2125 1535 nosmet
2169 1476 2331 1554 ipsos
2380 1492 2565 1553 quan·

196 1576 326 1626 tum
372 1567 680 1644 potuimus
725 1563 1014 1624 consolati
1060 1583 1285 1625 sumus.
1377 1564 1424 1623 A
1475 1564 1643 1625 malis
1688 1564 1872 1642 igitur
1919 1580 2083 1623 mors
2128 1562 2396 1646 abducit,
2442 1580 2565 1622 non

198 1673 235 1713 a
268 1653 475 1734 bonis,
523 1671 731 1713 verum
779 1655 830 1713 si
877 1655 1237 1733 quaerimus,
1311 1652 1388 1714 Et
1435 1654 1674 1733 quidem
1721 1652 1837 1712 hoc
1876 1669 1909 1711 a
1948 1650 2272 1731 Cyrenaico
2308 1650 2566 1730 Hegesia

201 1745 289 1802 sic
352 1745 592 1822 copiose
654 1742 1020 1821 disputatur,
1087 1750 1156 1803 ut
1214 1745 1266 1802 is
1326 1761 1359 1803 a
1419 1760 1563 1821 rege
1621 1740 1962 1802 Ptolemaeo
2030 1739 2368 1819 prohibitus
2430 1757 2563 1800 esse

196 1830 436 1891 dicatur
482 1829 580 1890 illa
627 1833 689 1891 in
737 1830 957 1891 scholis
1005 1831 1233 1911 dicere,
1289 1831 1447 1909 quod
1506 1830 1680 1891 multi
1732 1831 1807 1890 iis
1862 1827 2081 1890 auditis
2136 1836 2393 1889 mortem
2449 1827 2565 1888 sibi

195 1922 315 1998 ipsi
361 1916 826 1980 consciscerent.
919 1918 1258 1980 Callimachi
1314 1920 1555 1998 quidem
1612 1920 1973 1997 epigramma
2018 1919 2082 1977 in
2128 1915 2562 1978 Ambraciotam
2584 1929 2656 1980 84

198 2006 651 2069 Cleombrotum
700 2016 808 2088 est,
855 2025 1034 2086 quem
1071 2010 1171 2087 ait,
1217 2026 1352 2069 eum
1393 2011 1448 2068 ei
1485 2007 1633 2068 nibil
1669 2006 1984 2067 accidisset
2021 2006 2271 2086 adversi,
2319 2025 2351 2066 e
2390 2024 2565 2066 muro

199 2114 266 2156 se
312 2100 377 2157 in
424 2114 588 2157 mare
636 2095 923 2157 abiecisse
968 2096 1126 2157 lecto
1171 2095 1434 2157 Platonis
1480 2096 1650 2157 libro.
1742 2094 1889 2155 Eius
1936 2102 2151 2176 autem,
2200 2112 2379 2174 quem
2425 2093 2566 2174 dixi,

198 2183 492 2264 Hegesiae
539 2183 691 2245 liber
737 2191 832 2244 est
872 2175 1392 2265 Ἀποκαρτερῶν,
1455 2203 1573 2264 quo
1620 2204 1654 2246 a
1700 2185 1820 2244 vita
1866 2183 2104 2263 quidam
2150 2201 2261 2262 per
2306 2182 2565 2243 inediam

195 2273 518 2335 discedens
573 2281 888 2335 revocatur
943 2273 1015 2335 ab
1072 2276 1304 2355 amiciS,
1361 2273 1579 2354 quibus
1635 2272 2006 2352 respondens
2059 2275 2212 2333 vitae
2270 2271 2566 2333 humanae

195 2370 517 2424 enumerat
560 2363 950 2424 incommoda.
1043 2363 1289 2424 Possem
1334 2363 1494 2424 idem
1540 2363 1770 2443 facere,
1818 2364 1931 2422 etsi
1979 2364 2176 2422 minus
2225 2380 2400 2440 quam
2446 2361 2566 2443 ille,

270 2553 480 2621 aliquis
487 2592 505 2618 ,
566 2550 787 2621 ‘ii-gend
835 2549 1096 2618 welcher,
1153 2550 1330 2606 selbst

193 2622 301 2677 der
339 2622 668 2693 geringste’.

269 2694 665 2750 Democritum.
728 2692 835 2747 Die
871 2691 1331 2763 Besehuldigung

192 2766 382 2834 bezog
427 2764 548 2819 sich
584 2764 735 2819 wohl
783 2764 1008 2831 darauf,
1060 2763 1182 2818 dass
1218 2765 1330 2819 De-

194 2835 418 2891 mokrit,
451 2834 632 2890 lehrte
645 2878 659 2904 ,
704 2836 852 2889 auch
887 2834 949 2889 in
985 2835 1096 2888 den
1131 2833 1332 2889 Leieh·

193 2923 407 2962 namen
453 2905 642 2960 bleibe
685 2906 835 2960 noch
892 2906 987 2959 ein
1030 2907 1173 2960 Rest
1221 2922 1332 2962 von

197 2979 633 3034 Lebemwarme
669 2975 786 3031 und
821 2976 1203 3046 Empfindung
1241 2995 1332 3031 zu-

195 3048 361 3104 n‘iek.
397 3046 547 3104 Plut.
584 3048 731 3116 plac.
768 3047 848 3102 IV
885 3053 934 3115 4,
973 3053 1024 3103 4.

266 3120 523 3175 tertium.-
559 3118 809 3173 numlieh
839 3117 1026 3174 ausser
1054 3119 1152 3173 der
1174 3119 1332 3189 Mog-

190 3189 468 3256 lichkeit,
534 3188 656 3244 dass
709 3189 770 3243 in
826 3189 925 3244 der
981 3189 1142 3245 Seele
1198 3190 1333 3245 oder

194 3262 337 3317 dem
370 3260 589 3331 Korper
622 3260 1005 3330 Empfindung
1040 3261 1138 3316 sei.

272 3348 358 3387 an
383 3331 527 3400 ipse:
565 3330 656 3386 die
681 3330 846 3386 Hdss.
875 3332 1066 3387 haben
1098 3349 1177 3387 an
1203 3347 1333 3401 quo-

191 3404 361 3460 niam
414 3403 545 3472 ipse.
626 3403 779 3457 Aber
832 3402 1114 3457 allenfalls
1169 3401 1329 3458 liesse

192 3474 330 3530 sich
364 3490 441 3528 an
476 3473 622 3542 quod
668 3489 864 3544 sagon,
917 3472 1331 3528 ansehliel'send

188 3563 277 3601 an
314 3545 416 3599 ubi
449 3544 656 3599 malum
690 3550 783 3600 est.
837 3545 1101 3614 quoniam
1141 3544 1239 3599 ‘da
1267 3544 1332 3613 ja

191 3615 396 3683 doeh',
441 3616 626 3670 wobei
677 3614 798 3670 sich
836 3616 936 3670 der
971 3615 1329 3685 Spreehende

192 3704 277 3742 an
316 3686 417 3740 das
444 3685 813 3742 Bewusstsein
850 3687 949 3741 der
974 3687 1155 3742 Ηὸτει·
1181 3702 1329 3741 wen-

195 3758 322 3824 det,
358 3757 438 3811 ist
471 3757 800 3828 unmoglich
836 3758 952 3811 und
981 3758 1200 3812 seheint
1225 3776 1332 3811 nur

191 3830 331 3884 eine
366 3828 814 3899 Wiederholnng
866 3845 968 3883 aus
1012 3829 1150 3883 dem
1189 3828 1329 3883 Vor-

192 3899 606 3969 hergehenden
641 3917 711 3953 zu
748 3898 881 3955 sein.

273 3975 366 4025 83.
412 3972 487 4025 in·
521 3986 580 4025 eo
626 3971 794 4037 libro,
852 3970 952 4025 der
997 3970 1144 4025 auch
1191 3975 1222 4035 ξ
1264 3975 1331 4023 ’16

193 4041 534 4097 erwahnten
580 4040 918 4096 Consolatio
993 4041 1100 4097 Die
1156 4057 1333 4111 ganze

195 4109 384 4167 stelle
448 4112 671 4167 ent-,halt
733 4129 841 4167 nur
903 4113 1028 4168 eine
1092 4111 1332 4181 mfissige

194 4181 653 4253 Wiederholung
689 4184 789 4238 des
826 4184 1128 4253 Gesagten.

278 4253 576 4324 Hegesias,
614 4255 920 4325 Anhanger
955 4255 1056 4310 der
1091 4253 1333 4322 Aristip-

194 4324 440 4395 pisehen
487 4324 721 4393 sehale,
767 4326 977 4397 lehrte,
1023 4325 1115 4381 die
1153 4326 1333 4381 Weis-

320 4423 504 4476 Ηιιη,
532 4423 627 4466 Cio.
647 4424 832 4466 Tuscul.

1433 2552 1559 2608 heit
1609 2552 1881 2608 best-‚ande
1936 2551 1998 2605 in
2058 2550 2568 2621 Gleiehgiiltigkeit

1435 2640 1620 2693 gegen
1657 2624 1758 2678 das
1793 2622 1985 2677 Leben
2028 2622 2144 2675 und
2181 2621 2335 2676 seine
2372 2621 2566 2689 Cobet,

1436 2695 1587 2749 denn
1644 2696 1862 2750 wahren
1910 2691 2093 2747 Glfick
2137 2693 2364 2761 erlange
2418 2692 2566 2746 doeh
2680 2762 2684 2765 .

1437 2764 1722 2820 niemand.
1795 2764 2107 2834 Deswegen
2134 2763 2340 2818 erhielt
2366 2780 2427 2816 er
2455 2763 2566 2817 den

1437 2835 1748 2891 Beinamen
1804 2832 2245 2896 Πεισυθοὶνατος.
2322 2832 2409 2888 Ob
2465 2834 2567 2888 der

1439 2910 1587 2963 erste
1645 2907 1780 2962 oder
1838 2906 2033 2961 zweite
2088 2905 2413 2960 Ptolemaei·
2464 2905 2600 2959 das

1438 2979 1656 3033 Vei-bot
1718 2993 1901 3048 gegen
1961 2977 2062 3031 ibn
2118 2976 2365 3047 ergehen
2418 2974 2564 3044 liess,

1439 3048 1517 3103 ist
1550 3049 1934 3104 unbestimmt.

1511 3121 1722 3185 scholi&
1760 3120 2089 3190 Vortragen.

1514 3197 1599 3248 84.
1641 3191 2009 3245 Callimachus
2038 3207 2138 3243 aus
2168 3190 2381 3258 Cyrene
2413 3188 2569 3244 lebte

1440 3280 1538 3316 um
1567 3267 1570 3270 '
1595 3267 1701 3316 250
1755 3262 1874 3315 und.
1924 3277 2043 3315 war
2095 3259 2402 3314 Vorsteher
2465 3259 2568 3314 der

1439 3332 1770 3389 Bibliothek
1823 3332 1882 3385 in
1928 3330 2287 3386 Alexandria.
2361 3329 2588 3385 Ausser·

1436 3403 1819 3474 philologiseh
1856 3402 2151 3473 gelehrten
2177 3401 2427 3457 Werken
2464 3399 2568 3457 hat

1437 3491 1499 3530 ει·
1543 3475 1830 3544 Hymnen,
1881 3471 2144 3543 Elegien,
2201 3473 2564 3544 Epigramme

1436 3545 1817 3616 gesehrieben.
1893 3542 2028 3598 Dies
2063 3543 2395 3615 Epigramm
2441 3545 2565 3599 lau-

1435 3618 1628 3750 ᾑὲἰξᾶς
1678 3680 1833 3740 ’Ἥλιε
1909 3692 2099 3775 χαῖρε,
2173 3682 2567 3775 Κλεόμβροτος

2064 3761 2476 3828 ῼμβρακιωτης

1421 3824 1624 3883 Ἥλατ’
1647 3822 1747 3917 ἀφ’
1770 3823 2000 3899 ὖψήλου
2029 3831 2244 3899 τείχεος
2273 3824 2565 3915 εἰςἎϊδην,

1424 3895 1607 3967 ’Ἄξιον
1645 3897 1822 3954 ουδὲν
1874 3895 2013 3955 ἰδὼν
2047 3897 2313 3955 θανάτου
2361 3918 2565 3968 κακον,

2065 3967 2207 4026 ἀλλὰ
2240 3968 2550 4033 Πλάτωνος

1423 4035 1531 4096 ‘'Ev
1587 4039 1650 4096 τὸ
1710 4043 1843 4112 περὶ
1906 4042 2093 4112 ψυχῆς
2151 4036 2362 4113 ’γράμμ’
2422 4036 2569 4097 ἄνοι-

2065 4108 2386 4183 λεξάμενος.

1504 4178 1951 4252 Ἀποκαρτερῶνε
2033 4184 2202 4238 Einer
2274 4185 2374 4238 der
2446 4184 2565 4238 sich

1437 4255 1620 4381 {lutztzh
1691 4256 2047 4325 Entziehung
2117 4254 2218 4310 der
2288 4255 2568 4325 Nahrung

2105 4421 2140 4471 4
