2902 4649
560 150 1165 208 TUSCULANARUM
1200 151 1814 210 DISPUTATIONUM
1849 156 1891 210 I.
1929 161 2158 213 46—50.

2452 156 2536 222 31

185 329 244 381 et
290 318 508 380 diurno
555 337 623 380 ac
669 326 965 381 nocturno
1010 327 1194 381 metu.
1287 319 1419 392 Quo
1466 318 1747 382 terrore?
1807 340 1925 401 quo
1973 319 2183 385 metu?
2238 342 2388 402 quae
2450 332 2542 385 est

184 426 332 470 anus
389 416 512 468 tam
570 407 755 469 delira
803 426 953 487 quae
1009 411 1215 469 timeat
1268 411 1408 489 ista,
1466 428 1618 489 quae
1674 429 1778 471 vos
1832 411 2135 493 videlicet,
2190 414 2241 472 si
2296 412 2541 492 physica

184 516 303 558 non
350 496 738 578 didicissetiS,
785 494 1120 558 timeretis?

1212 493 1626 560 ‘Acherunsia
1664 505 1883 577 templa
1921 505 2050 562 alta
2097 503 2269 576 Orci,
2301 505 2542 578 pallida

185 590 312 662 leti,
351 588 641 648 obnubilat
678 588 947 648 tenebris
983 581 1162 648 loca?
1218 586 1351 647 Non
1389 588 1579 666 pudet
1613 588 2032 669 philosophum
2068 591 2131 650 in
2170 608 2241 651 eo
2280 590 2539 672 gloriari,

183 674 343 755 quod
389 674 538 736 haec
584 693 704 735 non
749 677 958 736 timeat
1011 683 1072 737 et
1130 676 1289 755 quod
1336 676 1481 737 falsa
1528 695 1661 739 esse
1709 674 2097 757 cognoverit?

2185 677 2234 738 E
2283 696 2403 758 quo
2449 681 2539 740 in·

182 764 383 842 tellegi
428 771 626 844 potest
672 782 848 843 quam
897 767 1059 826 acuti
1104 774 1315 826 natura
1363 767 1511 847 sint,
1568 769 1846 845 quoniam
1892 767 2039 829 haec
2092 769 2221 829 sine
2267 767 2541 829 doctrina

182 854 474 914 credituri
510 853 773 914 fuerunt.
847 852 1229 915 Praeclarum
1271 863 1468 915 autem
1507 857 1712 916 nescio
1752 856 1894 936 quid
1934 856 2133 936 adepti
2171 865 2337 937 sunt,
2379 856 2537 935 quod
2557 873 2627 922 49

180 941 524 1003 didicerunt
571 960 662 1023 se,
723 960 862 1003 cum
907 950 1146 1023 tempus
1202 946 1411 1004 mortis
1466 946 1756 1026 venisset,
1812 952 1970 1006 totos
2026 963 2159 1006 esse
2216 947 2536 1025 perituros

180 1030 355 1102 Quod
404 1038 472 1092 ut
515 1033 597 1092 ita
643 1033 722 1091 sit
767 1065 854 1074 —
901 1031 1048 1092 nihil
1095 1034 1251 1094 enim
1298 1051 1502 1112 pugno
1549 1066 1662 1114 -,
1710 1035 1851 1113 quid
1898 1033 2078 1095 habet
2123 1036 2237 1094 ista
2288 1052 2389 1095 res
2435 1042 2539 1096 aut

179 1119 450 1187 laetabile
500 1127 602 1180 aut
648 1116 1017 1199 gloriosum?
1106 1121 1230 1183 Nec
1276 1129 1477 1183 tamen
1522 1122 1671 1183 mihi
1717 1140 1858 1183 sane
1906 1125 2225 1203 quicquam
2271 1126 2539 1185 occurrit

180 1226 293 1270 cur
337 1227 459 1269 non
505 1208 874 1288 Pythagorae
931 1211 1010 1270 sit
1067 1219 1127 1271 et
1180 1209 1446 1272 Platonis
1499 1229 1640 1271 vera
1695 1214 2005 1272 sententia.
2096 1211 2176 1273 Ut
2232 1214 2392 1273 enim
2447 1231 2536 1272 ra-

179 1300 406 1358 tionem
465 1297 632 1358 Plato
691 1296 915 1358 nullam
976 1299 1238 1360 adferret
1293 1334 1383 1344 —
1435 1299 1569 1360 vide
1636 1299 1779 1379 quid
1838 1300 2066 1362 homini
2124 1300 2385 1362 tribuam
2437 1334 2536 1383 —‚

182 1389 314 1466 ipsa
359 1389 712 1448 auctoritate
758 1405 854 1447 me
902 1387 1231 1468 frangeret:
1292 1396 1382 1449 tot
1425 1396 1626 1450 autem
1671 1391 1936 1450 rationes
1984 1388 2206 1471 attulit,
2265 1399 2333 1451 ut
2387 1390 2535 1451 velle

180 1477 401 1536 ceteris
409 1523 428 1556 ,
476 1475 591 1536 sibi
638 1483 800 1537 certe
847 1479 1219 1556 persuasisse
1264 1477 1555 1539 videatur.

357 1563 476 1624 Sed
513 1563 756 1644 plurimi
794 1575 1003 1627 contra
1046 1568 1324 1627 nituntur
1370 1569 1719 1659 animosque
1766 1569 1937 1647 quasi
1985 1570 2178 1647 capite
2225 1568 2535 1628 damnatos

170 1661 368 1714 morte
418 1653 698 1735 multant,
754 1672 949 1733 neque
998 1654 1156 1716 aliud
1202 1662 1295 1717 est
1341 1658 1662 1735 quicquam
1707 1674 1816 1717 cur
1863 1656 2233 1718 incredibilis
2290 1659 2365 1717 iis
2412 1675 2537 1718 am-

175 1760 419 1803 morum
465 1743 737 1803 videatur
784 1746 1131 1825 aeternitas,
1185 1746 1303 1806 nisi
1358 1744 1519 1824 quod
1574 1753 1884 1824 nequeunt
1931 1745 2123 1825 qualis
2171 1747 2403 1806 animus
2462 1748 2539 1807 sit

178 1849 398 1895 vacans
436 1850 688 1911 corpore
728 1832 1073 1912 intellegere
1112 1842 1172 1894 et
1210 1835 1568 1913 cogitatione
1606 1833 2111 1913 conprehendere.
2174 1834 2361 1905 Quasi
2398 1852 2539 1894 vero

172 1919 527 1999 intellegant
564 1920 754 1999 qualis
793 1923 872 1982 sit
908 1924 970 1982 in
1007 1924 1137 2002 ipso
1176 1940 1457 2003 corpore,
1488 1940 1637 2001 quae
1677 1923 2087 2005 conformatio,
2124 1941 2275 2003 quae
2316 1925 2538 2003 magni-

172 2009 349 2090 tudo,
407 2011 514 2088 qui
569 2009 758 2071 locus.
848 2010 924 2070 At
977 2014 1029 2072 si
1078 2013 1195 2071 iam
1239 2018 1489 2090 possent
1532 2013 1595 2071 in
1640 2011 1880 2073 homine
1927 2014 2059 2072 vivo
2108 2013 2277 2073 cerni
2322 2014 2539 2093 omnia,

241 2161 611 2217 Acherumsia.
699 2163 839 2217 Eine
911 2163 1298 2218 Reminiscenz

170 2250 247 2288 an
281 2232 459 2288 Verse
507 2250 605 2288 aus
642 2234 872 2288 Ennius'
910 2235 1299 2307 Andromache

167 2305 584 2372 Aechmaloti8‚
625 2322 666 2360 s,
700 2305 958 2362 Ribbeck
986 2305 1078 2363 Tr.
1106 2306 1169 2361 L.
1198 2307 1298 2362 rel.

166 2394 225 2446 p.
269 2382 341 2431 24
397 2376 483 2431 ed.
541 2383 600 2445 2,
658 2377 757 2432 der
809 2378 958 2432 nach
995 2378 1172 2433 Varro
1229 2378 1298 2433 de

164 2448 306 2518 ling.
336 2448 378 2502 1.
408 2446 515 2502 VH
545 2455 577 2502 6
607 2447 698 2503 die
718 2449 893 2504 Verse
926 2466 988 2504 so
1014 2449 1296 2505 herstellt:

220 2579 231 2586 ’
275 2553 630 2609 Acherunsia
663 2556 864 2625 templa
900 2556 1018 2610 alta
1048 2533 1180 2610 O'rci

280 2626 515 2680 Pallida
551 2627 654 2681 leto
687 2628 954 2682 obnubila
988 2628 1222 2682 tenebris

275 2696 433 2751 Loca
469 2699 665 2752 salvete
699 2699 903 2765 infera.

166 2766 402 2821 Pallida
438 2769 533 2822 leti
574 2769 650 2823 ist
692 2769 842 2823 nach
877 2768 1153 2837 Analogie
1188 2784 1301 2823 von

164 2840 381 2909 ἐπιρρεῖν
414 2840 562 2894 vitae
603 2843 830 2910 gesagt‚
875 2840 983 2894 wie
1031 2838 1129 2893 Sil.
1167 2839 1234 2892 It.
1273 2841 1300 2894 Ι

169 2914 276 2963 166
314 2910 576 2977 deformis
622 2912 733 2966 leti.
773 2941 841 2951 —-
886 2911 1165 2980 Templum
1197 2910 1298 2965 be*-

165 2980 425 3035 zeichnet
474 2980 575 3036 der
608 2982 967 3052 Etymologie
1003 2982 1152 3036 nach
1189 2980 1297 3050 (τέ-

166 3054 315 3121 μνω)
371 3052 537 3107 einen
591 3054 1037 3123 abgesonderten
1098 3054 1299 3120 Raum,

164 3122 405 3192 speciell
441 3123 552 3178 den
586 3124 794 3191 Reum,
833 3124 941 3179 den
979 3124 1078 3178 der
1106 3125 1192 3178 Au
1270 3141 1301 3177 r

163 3192 284 3247 mit
309 3194 437 3247 dem
466 3196 642 3250 lituus
668 3195 996 3264 absonderiz,
1030 3142 1275 3250 dannffi

162 3263 446 3319 Dichtern
527 3266 848 3337 libel-haupt
928 3267 1022 3321 ein
1102 3266 1300 3321 weiter

160 3336 374 3392 Raum.
466 3337 760 3419 Neptunia
839 3338 1066 3407 templa,
1154 3336 1296 3391 Enn.

158 3407 309 3461 Hec.
343 3425 398 3477 p.
428 3414 462 3461 2
496 3409 627 3463 R1b.
667 3440 730 3449 -—
775 3409 821 3463 Ο
856 3425 1061 3478 mayna
1096 3409 1298 3477 templa

159 3478 427 3534 caelitmn
462 3481 757 3535 commioeta
781 3482 953 3535 stellis
976 3480 1293 3548 splendidis.

242 3555 327 3604 49.
366 3552 511 3605 nihil
548 3553 693 3605 enim
723 3568 943 3621 puqno:
978 3549 1102 3605 hier
1135 3550 1295 3604 nicht

158 3638 304 3676 vom
332 3620 726 3692 Standpunkte
758 3622 857 3676 des
888 3621 1294 3676 Akademikers

158 3694 545 3763 gesprochen,
596 3693 837 3749 sondern
881 3693 988 3748 mit
1031 3692 1294 3747 bitterem

160 3765 375 3832 Spotte
419 3780 603 3833 gegen
639 3765 730 3818 die
767 3763 1103 3834 Epikureer:
1174 3763 1295 3818 ‘Ich

154 3833 320 3889 habe
355 3835 538 3890 nichts
572 3836 855 3905 dagegen‚
893 3834 1016 3889 dass
1044 3834 1136 3889 die
1164 3834 1296 3904 Epi-

153 3905 375 3959 kureer
409 3907 666 3975 ganzlich
701 3905 1121 3977 umkommen.'1

238 3978 569 4032 auctoritate
607 4010 672 4017 —
709 3978 1018 4047 franqeret,
1059 3994 1099 4033 s.
1138 3981 1169 4042 ἓ
1206 3983 1291 4033 40.

236 4047 375 4101 velle
399 4049 648 4104 namlich
667 4050 1019 4118 persuadere,
1048 4064 1164 4101 was
1193 4065 1292 4102 aus

153 4121 504 4189 persuasisse
552 4138 622 4174 zu
667 4126 941 4190 erganzen
977 4119 1069 4176 ist.
1108 4150 1175 4159 —
1213 4121 1292 4173 vi-

150 4192 371 4247 deutur
432 4216 499 4237 ==
565 4197 861 4260 appareat,
927 4191 1290 4260 intelleqatur.

150 4263 236 4316 de
285 4258 371 4316 off.
407 4261 433 4315 Ι
469 4268 565 4331 38,
605 4268 708 4317 136
746 4264 1056 4317 curandum
1092 4266 1194 4329 est,
1230 4268 1294 4316 ut

150 4347 259 4389 eos
295 4359 356 4371 —
385 4338 434 4388 et
457 4336 635 4389 vereri
665 4340 716 4388 et
741 4335 966 4403 diliyere
990 4334 1289 4390 videamwr.

1479 2164 1621 2234 Καρ.
1678 2164 1775 2219 22.
1857 2170 1941 2220 50.
2000 2167 2178 2235 capite
2231 2167 2540 2233 damnatos,

1410 2235 1800 2290 ‘zumVerlust
1809 2236 2311 2307 derbiirgerlichen
2320 2236 2536 2291 Rechte

1405 2306 1743 2375 verurteilt',
1807 2326 1924 2363 was
1978 2308 2127 2363 nach
2177 2307 2536 2364 Romischem

1406 2378 1623 2504 Recrhsse
1643 2379 1742 2433 der
1761 2379 2119 2435 Todesstrafe
2146 2379 2536 2450 vorhergehen

1406 2467 1504 2503 mu
1529 2470 1553 2504 s
1585 2466 1633 2504 e.

1478 2523 1640 2590 quasi
1690 2537 1815 2576 vero
1870 2522 2102 2591 intelley.
2167 2521 2417 2576 ironisch
2470 2540 2537 2576 zu

1407 2594 1734 2659 veretehen,
1771 2592 1879 2647 wie
1916 2593 2086 2647 meist
2122 2592 2211 2647 die
2240 2593 2347 2647 mit
2373 2595 2536 2662 quasi

1409 2661 1802 2732 eingefiihrten
1832 2663 2327 2738 Widerlegungen.
2405 2664 2533 2733 Vgl.

1409 2733 1713 2788 denselben
1750 2732 2060 2788 Gredanken
2096 2753 2150 2804 p.
2188 2734 2308 2789 Mil.
2348 2741 2436 2801 31,
2465 2740 2535 2789 84

1405 2806 1521 2859 nisi
1555 2805 1697 2871 forte
1731 2805 1939 2860 idcirco
1974 2821 2089 2860 nan
2121 2811 2357 2874 putant,
2400 2808 2535 2875 quia

1403 2892 1520 2931 non
1564 2881 1799 2945 apparet
1842 2893 1941 2931 nec
1987 2879 2257 2943 cernitur,
2296 2879 2535 2946 proinde

1404 2947 1568 3016 quasi
1611 2952 1857 3002 nostram
1899 2949 2080 3017 ipsam
2124 2954 2377 3014 mentem,
2422 2966 2535 3017 qua

1404 3020 1676 3087 sapimus,
1712 3035 1825 3088 qua
1857 3020 2231 3087 providemus,
2266 3037 2378 3089 qua
2403 3021 2535 3089 haec

1404 3090 1531 3158 ipsa
1567 3091 1785 3159 aqimus
1820 3106 1887 3144 ac
1913 3090 2175 3156 dicimus,
2212 3092 2398 3146 videre
2433 3096 2535 3145 aut

1277 3195 1300 3248 i
1395 3161 1596 3229 plane,
1650 3162 1831 3250 qualis
1881 3167 1982 3216 aut
2028 3163 2129 3216 ubi
2180 3163 2280 3228 sit,
2332 3164 2533 3216 sentire

1399 3233 1688 3300 possimus.

1475 3321 1574 3390 qm·
1609 3322 1783 3387 tomos,
1822 3338 1865 3379 s.
1904 3340 1951 3375 z.
1990 3327 2048 3388 9,
2089 3326 2180 3388 19,
2218 3326 2315 3388 20,
2354 3326 2440 3374 το.

1475 3409 1556 3462 At
1580 3410 1633 3463 si
1657 3411 1773 3464 iam
1789 3415 2013 3479 possent
2042 3410 2145 3463 cet.
2197 3406 2350 3463 Aber
2367 3425 2530 3463 wenn

1403 3496 1477 3533 an
1513 3480 1642 3535 dem
1678 3479 2097 3534 menschlichen
2133 3479 2350 3550 Korper
2386 3480 2527 3535 alles

1403 3581 1471 3591 -
1509 3550 1757 3620 gesehen
1783 3549 2010 3605 werden
2035 3551 2272 3634 kbnpte,
2310 3551 2532 3634 scheint

1401 3620 1668 3747 3541&ss
1681 3620 1897 3762 viiia
1929 3620 2532 3750 ⁶53.?⁶;2i1.2¹0ffi33{

1401 3762 1677 3818 vielmehr
1734 3764 1887 3818 scine
1943 3762 2203 3818 Feinheit
2257 3781 2317 3818 so
2376 3763 2528 3833 gross

1404 3833 1522 3889 sein
1561 3853 1612 3889 u.
1654 3852 1696 3890 s.
1733 3853 1801 3889 w.
1894 3852 1974 3901 an
2023 3835 2174 3888 steht
2219 3835 2338 3889 also
2390 3835 2528 3905 hier,

1403 3906 1510 3960 wie
1546 3905 1736 3976 biiufig
1771 3906 1917 3961 nach
1950 3905 2105 3960 einer
2132 3909 2315 3961 ersten
2343 3905 2527 3976 Frage

1402 3977 1510 4030 mit
1545 3993 1678 4031 num
1709 3977 1845 4031 oder
1875 3994 1944 4031 ne
1969 3976 2030 4030 in
2058 3977 2186 4031 dem
2217 3977 2387 4031 Sinne
2417 3994 2528 4031 von

1401 4064 1480 4101 an
1510 4050 1714 4116 potius.
1790 4049 1844 4103 S.
1892 4067 1935 4102 z.
1975 4053 2006 4114 ξ
2044 4053 2131 4102 40.
2206 4047 2275 4101 de
2314 4064 2428 4104 sen.
2470 4055 2517 4116 7,

1402 4124 1473 4173 23
1527 4136 1663 4174 num
1701 4151 1767 4159 —
1815 4121 1986 4189 coeyit
2038 4120 2103 4172 in
2155 4120 2273 4173 suis
2325 4121 2530 4173 studiis

1400 4191 1754 4245 obmutescere
1778 4196 2044 4257 senectus,
2078 4207 2157 4244 an
2183 4191 2248 4244 v'm
2275 4191 2527 4244 omnibus

1399 4262 1488 4387 {tis
1506 4263 1832 4399 tstwssiorum
1872 4261 2106 4331 ayitatio
2143 4262 2289 4315 vitae
2324 4278 2525 4329 aequa-

1420 4334 1473 4387 is
1534 4334 1641 4386 uit.

2560 1515 2647 1580 22

2558 1618 2627 1669 50
