2902 4649
301 115 388 179 86
1084 120 1158 175 Μ.
1199 119 1444 174 TULLII
1488 120 1872 177 CICERONIS

300 284 496 367 ipsum
544 282 707 365 dicit,
754 301 1051 346 summum
1101 284 1319 346 malum
1368 305 1502 347 esse
1550 284 1864 349 dolorem?
1920 308 2038 368 quo
2085 289 2347 351 dedecus
2393 293 2585 353 maius
2634 312 2670 353 a

297 370 653 451 philosopho
709 372 963 436 nullum.
995 382 1293 453 exspecto,

1386 375 1531 446 Qua·
1563 394 1629 437 re
1679 380 1820 437 satis
1878 378 2024 438 mihi
2079 378 2330 460 dedisti,
2387 399 2522 441 cum
2572 399 2664 442 re-

301 460 593 541 spondisti
648 463 840 522 maius
896 461 1007 522 tibi
1063 463 1248 524 videri
1304 464 1524 526 malum
1590 465 1849 526 dedecus
1920 485 2095 545 quam
2157 467 2441 529 dolorem.
2534 468 2664 531 Hoc

299 550 495 628 ipsum
541 552 699 611 enim
748 551 800 611 si
846 551 1097 633 tenebiS,
1144 553 1454 633 intelleges
1494 573 1670 633 quam
1710 557 1788 615 sit
1836 553 2248 617 obsistendum
2286 556 2502 639 dolori;
2549 577 2665 620 nec

301 646 421 699 tam
478 639 886 717 quaerendum
943 648 1035 702 est
1091 640 1259 702 dolor
1316 641 1615 704 malumne
1677 645 1754 718 sit
1811 662 1988 724 quam
2042 645 2368 707 firmandus
2425 648 2663 708 animus

208 741 277 791 29
300 726 372 787 ad
428 727 695 790 dolorem
752 729 1083 791 ferendum.
1131 764 1215 773 —-
1271 730 1652 793 Concludunt
1711 733 2075 794 ratiunculas
2134 733 2318 795 Stoici
2376 753 2487 796 cur
2542 754 2666 798 non

297 818 375 878 sit
422 816 661 898 malum,
709 821 879 897 quasi
926 818 998 879 de
1047 818 1246 901 verbe,
1295 839 1414 881 non
1463 820 1535 881 de
1586 841 1652 882 re
1699 820 2022 883 laboretur.
2058 856 2132 865 —
2179 822 2334 894 Quid
2372 842 2466 884 me
2506 824 2666 886 deci-

294 908 406 988 pis,
454 902 659 967 Zeno?
749 906 897 968 Nam
946 927 1080 969 cum
1130 908 1217 990 id,
1267 909 1424 990 quod
1475 910 1619 971 mihi
1665 909 1948 971 horribile
1998 911 2259 993 videtur,
2307 920 2371 974 tu
2419 915 2667 974 omnino

297 995 518 1056 malum
566 1014 747 1075 negas
796 1014 955 1078 esse,
1013 1000 1216 1078 capior
1276 1006 1338 1059 et
1383 1001 1538 1059 scire
1587 1000 1762 1080 cupio
1810 1018 1927 1078 quo
1977 1001 2151 1061 modo
2199 1000 2284 1081 id,
2342 1002 2502 1081 quod
2549 1021 2665 1081 ego

297 1086 700 1145 miserrimum
748 1087 1106 1167 existimem,
1168 1106 1240 1147 ne
1297 1087 1515 1149 malum
1578 1088 1816 1167 quidem
1864 1090 1958 1149 sit.
2054 1084 2233 1150 ‘Nihil
2277 1085 2410 1174 jest'
2466 1093 2669 1172 inquit

297 1168 540 1234 ‘malum
597 1176 713 1234 nisi
771 1174 929 1255 quod
988 1183 1163 1256 turpe
1220 1184 1397 1255 atque
1456 1179 1734 1238 vitiosum
1792 1172 1924 1238 est?

295 1261 441 1322 illud
490 1264 668 1344 enim,
714 1264 875 1342 quod
921 1283 1016 1324 me
1063 1264 1332 1346 angebat,
1379 1284 1500 1326 non
1547 1268 1774 1327 eximis

2018 1177 2105 1238 Ad
2161 1180 2416 1259 ineptias
2470 1180 2666 1261 redis;

1869 1266 2007 1326 Scio
2060 1266 2325 1328 dolorem
2364 1286 2484 1328 non
2525 1287 2661 1330 esse

294 1354 649 1432 nequitiam3
707 1352 911 1414 desine
960 1353 1019 1412 id
1069 1373 1162 1414 me
1211 1355 1457 1416 docere:
1512 1354 1626 1415 hoc
1683 1354 1857 1435 doce,
1914 1354 2143 1415 doleam
2190 1374 2378 1417 necne
2427 1356 2659 1417 doleam

294 1439 443 1500 nihil
505 1442 817 1502 interesse.

926 1438 1284 1522 ‘Numquam
1351 1439 1695 1523 quicquam'
1759 1444 1954 1523 inquit
2019 1439 2115 1504 ‘ad
2178 1443 2350 1506 beate
2416 1445 2661 1524 quidem

294 1529 630 1611 vivendum,
679 1529 835 1610 quod
886 1539 978 1591 est
1022 1534 1085 1591 in
1133 1551 1250 1593 una
1301 1534 1518 1593 virtute
1555 1534 1844 1613 positum3
1893 1532 1998 1592 sed
2036 1542 2128 1595 est
2166 1540 2364 1594 tamen
2402 1536 2656 1596 reicien-

190 1613 480 1727 13dum?
553 1615 715 1680 Cur‘?
763 1614 1078 1699 ‘Asperum
1118 1631 1227 1701 est,
1267 1629 1475 1682 contra
1512 1628 1802 1702 naturam,
1841 1621 2079 1682 difficile
2118 1641 2429 1704 perpessu,
2466 1626 2662 1706 triste,

206 1743 276 1791 30
297 1702 558 1784 durum?

650 1707 807 1769 Haec
858 1718 948 1770 est
995 1712 1162 1788 copia
1210 1708 1553 1790 verborum,
1602 1709 1760 1789 quod
1809 1727 2015 1769 omnes
2057 1729 2179 1770 uno
2217 1710 2399 1771 verbo
2439 1711 2659 1772 malum

301 1796 680 1876 appellamus,
727 1796 786 1857 id
836 1804 924 1858 tot
969 1797 1162 1858 modis
1206 1815 1385 1878 posse
1435 1798 1656 1859 dicere.
1751 1798 1972 1858 Desinis
2018 1805 2084 1859 tu
2132 1798 2293 1880 mihi,
2340 1819 2460 1860 non
2502 1800 2663 1861 tollis

298 1883 593 1966 dolorem,
641 1904 777 1947 cum
826 1887 975 1946 dicis
1024 1905 1319 1971 asperum,
1368 1895 1578 1948 contra
1623 1895 1925 1967 naturam,
1973 1889 2069 1948 vix
2119 1888 2274 1967 quod
2325 1889 2469 1949 ferri
2516 1889 2664 1950 tole·

297 1975 539 2052 rarique
593 1976 811 2054 possit,
878 1993 989 2036 nec
1047 1978 1346 2056 mentiris;
1412 1976 1519 2036 sed
1577 1996 1644 2038 re
1700 1975 2093 2038 succumbere
2149 1996 2270 2038 non
2330 1977 2664 2059 oportebat,

297 2062 496 2123 verbis
542 2062 911 2141 gloriantem.

1007 2060 1187 2125 ‘Nihil
1234 2064 1459 2127 bonum
1507 2068 1624 2126 nisi
1670 2064 1826 2145 quod
1869 2065 2208 2148 honestum,
2255 2066 2401 2128 nihil
2438 2066 2658 2128 malum

298 2152 416 2211 nisi
473 2152 631 2232 quod
690 2145 910 2233 turpe?
1005 2149 1227 2232 Optare
1285 2154 1399 2215 hoc
1456 2154 1695 2233 quidem
1745 2162 1863 2237 est,
1924 2173 2042 2215 non
2100 2154 2342 2236 docere3
2398 2155 2544 2216 illud
2601 2164 2663 2217 et

299 2238 512 2302 melius
568 2250 629 2302 et
683 2244 914 2323 verius,
970 2245 1193 2326 omnia,
1250 2262 1402 2323 quae
1460 2250 1670 2304 natura
1727 2252 2110 2326 aspernetur,
2162 2246 2222 2304 in
2282 2238 2449 2305 malis
2506 2263 2659 2324 esse,

293 2347 445 2408 quae
502 2330 820 2412 adsciscat,
887 2335 949 2393 in
1005 2333 1195 2394 bonis.

1287 2333 1414 2394 Hoc
1470 2335 1666 2412 posito
1722 2341 1782 2394 et
1839 2332 2159 2393 verborum
2215 2336 2660 2395 concertatione

293 2416 520 2480 sublata
567 2428 798 2481 tantum
844 2428 1043 2482 tamen
1090 2422 1340 2483 excellet
1395 2421 1570 2503 illud,
1630 2422 1788 2501 quod
1846 2430 2011 2482 recte
2068 2422 2479 2503 amplexantur
2532 2426 2653 2503 isti,

367 2589 494 2660 Qua
528 2607 602 2647 re.
671 2591 866 2645 Damit
899 2592 1109 2662 km’ipft
1138 2590 1251 2649 Cic.
1282 2593 1411 2648 wie-

292 2661 393 2717 der
435 2679 509 2717 an
556 2662 664 2717 den
711 2661 840 2718 Satz
887 2680 962 2717 an
1012 2671 1071 2719 at
1119 2671 1183 2720 tu
1219 2696 1287 2706 —-
1324 2667 1412 2721 de-

291 2734 499 2788 astitisti.

362 2810 448 2860 29.
495 2805 873 2861 ratiwnculas:
921 2805 1089 2876 Spott
1135 2807 1272 2861 iiber
1320 2805 1411 2860 die

292 2874 621 2930 abstrakten
685 2876 947 2932 Schliiese
1013 2878 1112 2931 der
1172 2877 1413 2934 Stoiker.

290 2945 420 3016 Vgl.
463 2950 560 3015 18,
598 2952 683 3003 42.
749 2947 819 3002 de
857 2948 947 3004 fin.
985 2947 1064 3002 IV
1103 2954 1163 3016 3,
1205 2955 1233 3003 7
1264 2965 1416 3018 pun·

288 3021 430 3086 9uut
474 3019 618 3072 enim
660 3021 824 3087 quasi
869 3019 1074 3074 aculeis
1109 3020 1414 3088 iuterroga-

299 3089 567 3143 tiunculis
602 3090 870 3159 anquam,
913 3091 1112 3159 quibus
1137 3091 1300 3144 etiam
1328 3091 1426 3159 qui

298 3160 717 3227 adsentiuntur,
802 3162 948 3216 nihil
1021 3167 1425 3215 commutantur

257 3262 265 3267 -
295 3233 483 3286 animo
512 3236 563 3286 et
587 3232 755 3287 iidem
780 3233 999 3297 abeunt,
1020 3233 1117 3302 qui
1145 3237 1422 3287 venerant.

367 3303 586 3371 capior,
656 3302 771 3358 ‘ich
828 3302 1015 3359 werde
1073 3302 1421 3374 angelockt’.

291 3373 347 3426 V
387 3379 454 3428 10
473 3417 487 3442 ‚
539 3379 607 3429 28
663 3375 751 3430 his
778 3376 1111 3447 ‘capiumtur
1162 3375 1420 3444 imperiti.

294 3444 364 3498 de
404 3443 492 3499 off.
531 3445 611 3499 III
650 3452 701 3515 3,
742 3452 806 3502 15
862 3448 1009 3517 quod
1053 3448 1192 3502 insit
1236 3449 1300 3501 in
1348 3447 1423 3501 iis

294 3516 513 3585 aliquid
538 3518 732 3586 probi,
768 3520 914 3588 quod
950 3520 1140 3588 capiat
1174 3519 1416 3589 iynaroe.

365 3588 441 3642 ad
468 3589 618 3642 beate
642 3589 949 3657 vivendum,
971 3588 1220 3644 namfich
1249 3591 1419 3644 iuter·

292 3662 371 3711 est
405 3659 590 3713 doleas
623 3675 721 3714 uec
755 3677 823 3715 ‘ne
858 3661 1061 3716 doleas

362 3729 697 3784 reiciendum
706 3751 728 3796 ;
773 3747 831 3784 es
878 3732 1081 3800 gehort
1128 3748 1274 3787 zwar
1320 3731 1419 3786 der

295 3798 558 3854 Schmerz
614 3803 777 3855 unter
828 3801 919 3856 die
970 3798 1418 3872 gleichgfiltigen

292 3870 477 3942 Dinge
515 3866 872 3941 (ἀδιάφορα),
914 3872 1048 3927 aber
1077 3873 1223 3928 doch
1250 3875 1417 3928 nutet

292 3941 410 4011 die,
468 3942 681 3997 welche
726 3943 885 3998 nicht
929 3944 1415 4009 wiinschenswert,

290 4007 763 4084 ἀποπροηγμένα,
814 4015 1091 4079 reicienda
1137 4014 1276 4069 sind.
1360 4015 1414 4072 S.

290 4101 336 4138 z.
376 4088 407 4148 ἓ
448 4089 531 4141 15.

362 4154 504 4224 Kap.
546 4154 641 4210 13.
717 4161 802 4210 30.
849 4173 908 4211 re
956 4158 1297 4212 succumbere
1346 4187 1412 4197 —

289 4226 468 4281 verbis
501 4226 840 4297 ylariamtem.
889 4227 955 4281 In
992 4228 1091 4282 der
1110 4227 1413 4282 Wirklich-

289 4297 414 4353 keit
448 4297 801 4368 unterliegen
848 4298 940 4355 die
980 4298 1227 4367 Stoiker,
1285 4298 1415 4354 weil

1531 2593 1633 2660 sie,
1692 2593 1970 2648 trotzdem
2020 2593 2103 2649 sie
2155 2594 2504 2665 behaupten,
2560 2595 2662 2649 der
2728 2648 2739 2655 ,

1530 2662 1792 2718 Schmerz
1839 2664 1921 2719 sei
1971 2665 2064 2720 ein
2111 2661 2436 2736 ἀδιάφορον
2446 2707 2465 2734 ,
2511 2665 2660 2721 doch

1529 2735 1886 2790 anerkennen
1921 2741 2174 2807 musaeu,
2227 2753 2289 2792 er
2334 2736 2417 2792 sei
2465 2743 2660 2793 contra

1529 2811 1792 2861 naturam
1830 2808 1937 2861 cet.
2426 2822 2433 2827 ·

1600 2883 1815 2946 optare,
1853 2879 2178 2948 wiinschen‚
2218 2878 2341 2934 dass
2378 2881 2554 2935 etwas
2592 2898 2655 2936 so

1529 2947 1773 3072 szihund
1801 2947 2035 3075 dgshfalp
2064 2950 2500 3077 ξόὼῖνέἰθεεῖιθε
2530 2951 2655 3077 8.ἷέ-

1534 3036 1560 3073 s
1588 3034 1619 3072 e
1667 3036 1750 3073 en.
1867 3036 1897 3073 e
1960 3038 1992 3073 a
2421 3039 2516 3077 are
2631 3039 2661 3078 c

1532 3091 1748 3159 quidem
1792 3096 1903 3157 est,
1952 3108 2067 3146 non
2101 3038 2405 3162 dikputaffi.
2479 3094 2656 3149 Acad.

1532 3161 1586 3213 II
1623 3165 1711 3229 38,
1752 3166 1852 3216 121
1899 3164 2114 3218 somnia
2163 3161 2347 3220 censet'
2380 3166 2512 3220 haec
2547 3181 2657 3220 esse

1532 3230 1839 3288 Democriti
1873 3250 1988 3288 uon
2023 3236 2293 3303 docentis,
2332 3237 2426 3291 sed
2462 3241 2658 3306 optan-

1532 3303 1620 3357 tie.
1670 3304 1752 3358 Im
1784 3303 2182 3361 Griechischen
2210 3306 2351 3361 wird
2377 3301 2659 3377 εὔχεσθαι

1531 3375 1590 3499 {in
1619 3375 1868 3501 εΙθίοὴθι·
1894 3376 2085 3432 Weise
2112 3377 2467 3467 *gebretuchlzu
2505 3379 2653 3504 leat.

1530 3461 1772 3586 ὁῖἔῗοξῖ·
1798 3448 2652 3590 ηῗέῗᾶἔόἀῗέἳιῖἰῖἕέαἴῗὶ

1527 3583 1677 3713 &goie
1716 3583 1887 3675 εὐχὰς
1925 3588 2234 3662 εἰρηκέναι,
2262 3587 2403 3646 ἀλλὰ
2431 3589 2651 3662 χαλεπὰ

1528 3678 1568 3728 μ
1601 3679 1634 3712 v
1672 3661 1890 3713 δυνατα
1931 3659 2013 3717 δέ.

1598 3730 1724 3785 Hoc
1755 3733 1962 3800 posito.-
1998 3750 2161 3790 wenn
2197 3751 2328 3790 man
2365 3735 2473 3792 den
2507 3738 2651 3793 eben

1526 3803 2050 3871 ausgesprochenen
2078 3805 2390 3863 Grundsatz
2416 3808 2515 3863 der
2548 3809 2650 3865 Pe·

1525 3871 1860 3941 ripatetiker
1896 3875 2189 3945 annimmt‚
2226 3878 2326 3933 der
2361 3878 2420 3933 in
2448 3878 2649 3935 Wahr-

1524 3942 1647 3997 heit
1700 3960 1811 3999 von
1875 3945 2004 4000 dem
2066 3947 2346 4004 stoisohen
2410 3969 2515 4004 nur
2568 3952 2649 4006 im

1523 4012 1820 4069 Ausdruck
1879 4018 2245 4074 verschieden
2305 4020 2408 4088 ἰοὺς
2474 4020 2653 4078 daher

1523 4086 1808 4141 verborum
1854 4096 2080 4144 concert.
2117 4091 2352 4146 sublata.
2429 4093 2559 4163 Vgl.
2599 4095 2650 4149 V

1528 4160 1611 4224 16,
1649 4162 1737 4214 47.
1804 4157 1872 4213 de
1909 4159 2001 4217 fin.
2040 4161 2093 4215 II
2129 4167 2217 4229 21,
2255 4167 2339 4217 68.

1594 4228 1716 4294 isti,
1753 4231 2001 4285 niimlich
2038 4231 2130 4287 die
2171 4233 2419 4305 Stoiker,
2462 4251 2648 4307 gegen

1523 4298 1738 4353 welche
1775 4303 2117 4372 gesprochen
2155 4302 2314 4360 wird.
