2902 4649
566 149 1167 208 TUSCULANARUM
1203 150 1814 208 DISPU'I'ATIONUM
1849 154 1918 209 V.
1957 157 2186 211 58—63.

2424 153 2551 218 127

190 318 494 380 fortunam
540 319 803 398 experiri
848 336 1041 380 meam
1053 313 1110 379 Ῥ
1202 317 1351 384 Cum
1397 337 1463 380 se
1510 318 1609 381 ille
1658 337 1881 400 cupere
1927 318 2205 400 dixisset,
2252 320 2552 385 conlocari

191 408 368 472 iussit
412 405 719 469 hominem
764 409 827 467 in
872 425 1056 472 aureo
1101 406 1286 489 lecto,
1342 415 1531 472 strato
1577 407 1983 489 pulcherrimo
2033 408 2222 472 textili
2268 409 2551 491 stragulo,

189 495 519 574 magnificis
592 495 879 575 operibus
949 497 1139 577 picto,
1212 494 1548 575 abacosque
1622 496 1943 577 conplures
2008 498 2240 558 ornavit
2302 505 2550 578 argento

189 602 458 664 auroque
505 584 746 645 caelato.
838 583 992 645 Tum
1047 583 1119 646 ad
1176 602 1445 648 mensam
1502 586 1716 646 eximia
1769 586 1963 648 forma
2017 603 2239 665 pueros
2285 585 2549 654 delectos

188 674 367 738 iussit
411 675 743 738 consistere
782 690 1006 752 eosque
1043 681 1259 736 nutum
1293 673 1454 740 illius
1491 676 1798 738 intuentes
1835 674 2152 754 diligenter
2186 675 2547 746 ministrare.

59 784 65 790 ·
184 762 452 826 Aderant
495 768 819 842 unguenta,
865 778 1147 842 coronae3
1192 761 1668 825 incendebantur
1714 762 1958 844 odores,
2014 780 2254 826 mensae
2300 764 2545 843 conqui-
2566 772 2635 825 62

188 851 491 916 sitissimis
538 849 732 930 epulis
779 848 1270 916 exstruebantur:
1316 850 1658 914 fortunatus
1704 849 1820 914 sibi
1863 850 2172 914 Damocles
2218 849 2547 920 videbatur.

184 938 257 1000 In
302 939 420 1004 hoc
464 939 661 1002 medio
708 938 994 1019 adparatu
1040 937 1368 1018 fulgentem
1422 939 1682 1019 gladium
1731 957 1763 1000 e
1808 938 2076 1002 lacunari
2122 947 2285 1002 saeta
2330 943 2548 1020 equina

187 1035 396 1108 aptum
442 1027 675 1100 demitti
719 1029 926 1108 iussit,
970 1035 1039 1091 ut
1082 1027 1439 1107 inpenderet
1482 1028 1642 1091 illius
1689 1027 1850 1092 beati
1896 1027 2247 1094 cervicibus.
2339 1027 2547 1108 Itaque

187 1134 302 1178 nec
347 1114 633 1197 pulchros
679 1115 813 1180 illos
859 1117 1297 1178 ministratores
1342 1116 1670 1196 aspiciebat
1713 1134 1827 1182 nec
1871 1117 2118 1197 plenum
2153 1119 2300 1178 artis
2336 1135 2545 1195 argen-

185 1212 318 1267 tum
363 1222 478 1266 nec
514 1221 755 1265 manum
791 1204 1137 1285 porrigebat
1180 1207 1245 1276 in
1289 1223 1586 1286 mensam3
1631 1207 1752 1268 iam
1794 1208 1959 1286 ipsae
1997 1204 2338 1270 defluebant
2374 1223 2544 1272 coro·

186 1311 329 1373 nae3
376 1291 635 1372 denique
681 1295 948 1355 exoravit
991 1300 1329 1374 tyrannum,
1374 1301 1444 1354 ut
1489 1293 1653 1355 abire
1700 1294 1929 1376 liceret,
1974 1292 2134 1374 quod
2180 1295 2298 1356 iam
2334 1293 2573 1355 beatus·

186 1380 375 1444 nollet
439 1399 589 1444 esse.
692 1381 926 1443 Satisne
991 1380 1228 1444 videtur
1292 1381 1626 1456 declarasse
1691 1381 2010 1463 Dionysius
2078 1380 2225 1448 nihil
2289 1400 2424 1444 esse
2489 1384 2544 1443 ei

184 1468 456 1550 beatum,
513 1471 611 1532 cui
666 1487 905 1550 semper
960 1469 1143 1550 aliqui
1195 1478 1395 1536 terror
1454 1467 1819 1551 inpendent?
1909 1471 2105 1551 Atque
2161 1471 2218 1531 ei
2272 1489 2349 1531 ne
2393 1473 2544 1540 inte-

183 1576 362 1637 grum
409 1558 651 1637 quidem
697 1566 854 1639 erat,
908 1566 976 1620 ut
1030 1558 1103 1620 ad
1148 1560 1438 1622 iustitiam
1495 1561 1877 1641 remigraret,
1931 1559 2162 1622 civibus
2207 1557 2544 1622 libertatem

187 1654 249 1707 et
294 1648 427 1708 iura
455 1644 790 1726 ‘redderet3
847 1648 923 1707 iis
979 1649 1137 1708 enim
1194 1664 1260 1708 se
1317 1645 1668 1710 adulescens
1724 1647 2036 1728 inprovida
2089 1653 2280 1707 aetate
2335 1648 2543 1708 inreti-

187 1742 319 1795 erat
363 1737 576 1797 erratis
624 1752 810 1815 eaque
858 1736 1256 1817 commiserat,
1300 1743 1370 1798 ut
1415 1734 1613 1797 salvus
1659 1754 1790 1797 esse
1836 1754 1958 1798 non
2001 1741 2225 1816 posset,
2271 1736 2324 1795 si
2361 1752 2542 1796 sanus
2608 1793 2615 1800 .

187 1840 323 1884 esse
370 1824 683 1902 coepisset.

369 1909 603 1981 Quanto
660 1929 843 1991 opere
898 1929 1039 1972 vero
1105 1914 1395 1975 amicitias
1458 1911 1854 1992 desideraret,
1920 1929 2174 1992 quarum
2231 1910 2542 1973 infidelita·
2563 1944 2632 1994 63

186 2008 313 2061 tem
370 1997 820 2080 extimescebat,
876 1999 1197 2060 declaravit
1248 2003 1311 2061 in
1367 1999 1742 2080 Pythagoriis
1797 1999 2032 2063 duobus
2084 1999 2229 2081 illis,
2286 2018 2544 2079 quorum

187 2105 328 2149 cum
366 2086 620 2148 alterum
656 2087 864 2149 vadem
901 2090 1115 2150 mortis
1152 2091 1501 2169 accepisset,
1546 2087 1715 2170 alter,
1759 2095 1829 2148 ut
1865 2088 2073 2149 vadem
2116 2105 2293 2149 suum
2330 2087 2544 2149 libera-

185 2183 310 2257 ret,
355 2182 595 2254 praesto
641 2175 857 2238 fuisset
901 2176 975 2236 ad
1020 2176 1228 2238 horam
1274 2178 1487 2238 mortis
1533 2175 1921 2257 destinatam,
1966 2171 2227 2239 ‘Utinam
2275 2171 2407 2254 ego'
2453 2178 2544 2237 in-

188 2266 321 2344 quit
367 2259 606 2327 ‘tertius
651 2264 821 2327 vobis
867 2266 1093 2328 amicus
1140 2258 1575 2327 adscribererl'

187 2469 380 2537 Quint.
417 2470 497 2525 IV
536 2476 593 2539 1,
636 2477 704 2526 14
745 2472 1088 2542 ᾱε9ιιειαηάα
1131 2476 1315 2528 tamen

187 2542 324 2609 haec
354 2513 648 2624 prooemio,
682 2558 798 2599 mu
833 2543 1213 2598 consumenda.

412 2653 431 2679 ,
485 2612 538 2667 d.
578 2613 617 2667 i.
663 2630 771 2669 acu
809 2614 992 2695 picto,
1086 2613 1311 2668 estiokt.

182 2682 363 2738 Unter
398 2685 704 2757 mayuifieoe
731 2700 899 2755 opera
942 2683 1031 2741 sin
1114 2684 1313 2738 kunst-

184 2752 373 2808 reiche
402 2746 648 2823 Figuren
677 2773 746 2810 zu
773 2752 1090 2810 verstehen.
1145 2754 1312 2810 Diese

185 2822 475 2895 Teppiche
501 2824 719 2880 hiessen
747 2826 1103 2896 phrygische.
1142 2824 1310 2896 Verg.

184 2895 322 2950 Aen.
361 2893 443 2949 111
478 2900 601 2952 484.

257 2971 345 3022 62.
382 2971 677 3050 unguenta·
712 2982 967 3025 coronae.-
1017 2967 1116 3021 das
1125 2968 1310 3050 ‘Astyn-

184 3037 360 3092 deton
405 3035 499 3092 bei
544 3037 682 3093 zwei
726 3036 1036 3109 Begriffen,
1084 3037 1174 3092 die
1221 3055 1311 3092 zu·

184 3123 442 3163 sammen
479 3106 572 3165 ein
608 3108 820 3163 Ganzes
856 3080 1312 3178 bilden,s.z.1

186 3184 281 3247 14,
339 3183 407 3233 31
483 3179 891 3248 sepulchrorum
960 3184 1312 3239 monumenta

183 3250 301 3320 eloy
300 3249 378 3304 ia.
430 3248 647 3307 Anders
684 3249 761 3305 ist
786 3251 1160 3319 pulcherrimo
1195 3255 1308 3307 tex·

182 3265 301 3375 tili
309 3321 558 3390 sbrayulo
595 3337 661 3374 zu
690 3320 965 3389 erklaren,
1001 3337 1091 3377 wo
1122 3322 1309 3377 textile

182 3390 700 3528 Ἢὲωᾝῗῖἕέ
717 3390 1306 3532 ῗὲἔῗῗηὲἓέιὲἑωυ

183 3532 255 3587 de
293 3548 408 3588 sen.
442 3538 527 3599 13,
565 3537 636 3586 44
672 3538 820 3587 earet
855 3535 1033 3603 epulis
1068 3538 1306 3591 eat-strue·

182 3605 360 3674 iisque
395 3604 595 3659 mensis
639 3608 690 3658 et
733 3604 1107 3675 frequentibus
1138 3620 1306 3673 poeu-

183 3675 271 3730 lis.
319 3673 422 3729 Ov.
440 3674 574 3728 Met.
595 3672 674 3729 XI
698 3680 798 3730 119
835 3690 1049 3731 mensas
1075 3690 1308 3745 posuere

182 3745 431 3801 ministri
465 3750 771 3805 exstructas
806 3747 1062 3815 dapibus.

253 3818 412 3885 ipsae
636 3816 797 3883 bant,
851 3817 932 3872 sie
985 3816 1152 3873 fielen
1197 3832 1310 3872 von

184 3886 362 3942 selbst
408 3886 611 3955 hereb,
673 3885 747 3942 da
794 3886 1100 3943 Damokles
1149 3887 1311 3942 nicht

181 3957 285 4013 auf
332 3958 414 4012 sie
466 3956 707 4014 aehtete.
779 3959 1012 4028 defluere
1056 3956 1308 4014 bezeich-

180 4029 282 4082 net
317 4028 418 4082 das
464 4026 853 4097 allmahliche²
903 4029 1048 4085 ohne
1095 4027 1309 4084 §.uisere

180 4098 410 4155 Gewalt
472 4098 868 4155 stattfindende
926 4099 1305 4155 Herabfallen.

181 4168 235 4224 S.
265 4188 312 4226 z.
343 4167 371 4222 I
399 4174 487 4238 25,
516 4176 582 4226 62
621 4171 967 4239 defluximus.
1024 4169 1172 4225 Phil.
1203 4170 1309 4225 XII

179 4246 231 4311 3,
255 4245 289 4295 8
323 4242 574 4366 egreideut
608 4242 807 4312 yladii,
841 4244 1013 4311 fluent
1049 4259 1207 4298 arma
1244 4242 1309 4297 de

179 4329 340 4368 mam
377 4327 460 4368 ue.

1668 2264 1859 2337 Quam
1904 2264 2047 2329 huic
2091 2272 2219 2328 erat
2255 2266 2545 2328 miserum

1492 2472 1793 2542 integrum,
1839 2487 1957 2526 war
2000 2470 2121 2526 ihm
2165 2472 2345 2537 nicht
2369 2473 2546 2529 unbe-

1419 2558 1713 2613 nommen,
1758 2542 1925 2599 stand
1968 2541 2090 2596 ihm
2132 2543 2294 2598 nicht
2334 2543 2470 2613 frei,
2518 2544 2546 2599 I

1420 2618 1451 2679 δ
1486 2618 1576 2738 Ξέ
1568 2698 1756 2740 samus,
1794 2682 1910 2737 Der
2124 2700 2179 2751 n,
2208 2683 2309 2741 der
2335 2684 2543 2745 andere

1418 2752 1571 2810 ihrer
1625 2753 1874 2809 Freiheit
1933 2725 2200 2821 beraubt’,
2261 2753 2339 2809 ist
2398 2755 2545 2813 nach

1420 2824 1707 2881 stoischen
1755 2824 1834 2878 Be
1907 2823 2037 2879 'ffen
2087 2826 2337 2880 insanus
2410 2826 2544 2881 Man

1418 2895 1657 2955 beachte
1693 2894 1786 2951 die
1867 2895 2220 2952 aronomasie
2255 2897 2441 2957 salvus
2474 2928 2542 2939 -

1419 2982 1633 3109 savi'ffp.
1664 3035 1764 3093 22.
1803 3043 1888 3093 63.
1924 3038 1992 3092 iu
2017 3036 2376 3110 fflkayoriis
2408 3040 2544 3103 duo-

1419 3109 1536 3165 bus.
1621 3073 1778 3164 ⁸Uber
1820 3109 1886 3162 iu
1930 3124 1973 3162 s.
2012 3126 2057 3163 z.
2096 3108 2177 3163 111
2226 3114 2317 3176 18,
2366 3115 2433 3164 39
2479 3111 2544 3165 iu

1415 3177 2542 3319 gnwdig-ReAqgffigzeztgletndgsenffigffiffl

1414 3319 1631 3446 Dion?
1670 3321 1805 3374 oder
1839 3319 1940 3373 des
1965 3319 2239 3387 Pha-laris.
2290 3319 2395 3375 Die
2423 3319 2540 3375 bei-

1616 3390 1827 3445 reunde
1881 3389 2108 3444 werden
2152 3380 2374 3445 Damon
2425 3391 2542 3447 und

1412 3459 1690 3528 Phintias,
1732 3454 1857 3528 Eup
1858 3460 2064 3514 huntus
2100 3461 2217 3515 und
2254 3459 2540 3529 Eukritus,

1412 3531 1603 3587 Morus
1638 3529 1754 3585 und
1792 3529 2138 3586 Selinuntius
2173 3534 2439 3614 genennt.

1484 3603 1678 3659 vadem
1731 3602 1948 3667 monis,
2002 3602 2056 3657 d.
2093 3601 2132 3658 i.
2190 3618 2285 3670 ein
2336 3603 2541 3674 Burge,

1414 3673 1515 3728 der
1575 3672 1669 3727 fiir
1732 3673 1841 3727 den
1899 3671 2023 3728 Tod
2087 3673 2241 3729 eines
2222 3621 2540 3731 ²³²anderen

1417 3743 1639 3799 eintritt
1672 3743 1789 3798 und
1823 3742 1999 3799 selbst
2045 3744 2154 3800 den
2191 3743 2316 3800 Tod
2352 3763 2420 3798 zu
2456 3760 2541 3800 er·

1414 3814 1604 3870 leiden
1639 3814 1766 3882 hat,
1811 3830 1978 3870 wenn
2015 3815 2179 3885 jener
2223 3813 2345 3869 sich
2379 3814 2541 3870 nicht

1417 3885 1591 3941 stellt.
1638 3885 1707 3940 de
1746 3884 1841 3942 off.
1876 3885 1956 3940 ΠΙ
1995 3890 2078 3954 10,
2116 3890 2186 3939 45
2223 3900 2322 3940 vas
2355 3885 2541 3952 faetus

1413 3957 1491 4012 sit
1531 3957 1670 4012 alter
1706 3957 1825 4012 eius
1858 3957 2103 4011 sistendi.
2174 3954 2432 4013 Ambros.
2468 3956 2540 4012 de

1418 4025 1510 4082 off.
1549 4027 1680 4082 cler.
1716 4027 1799 4082 ΠΙ
1835 4043 1883 4082 c.
1922 4032 1989 4080 21
2033 4042 2100 4081 ae
2134 4043 2204 4082 ue
2238 4029 2541 4085 revertendi

1416 4103 1652 4154 mutaret
1687 4099 1846 4166 fides,
1899 4098 2091 4153 vadem
2148 4098 2340 4153 mortis
2383 4099 2540 4154 obtu-

1416 4170 1485 4224 lit
1527 4186 1594 4226 ea
1638 4169 1981 4236 condicione,
2031 4173 2095 4222 ut
2137 4169 2190 4224 si
2233 4169 2350 4239 ipse
2394 4169 2540 4236 defo-

1415 4244 1499 4295 ret
1544 4242 1620 4296 ad
1666 4241 2019 4296 constitutmn
2063 4240 2233 4307 diem,
2281 4255 2393 4295 vas
2423 4241 2540 4295 eius

1414 4311 1525 4367 sibi
1550 4327 1662 4382 pro
1699 4326 1757 4366 eo
1792 4311 2134 4367 moriendum
2175 4311 2535 4382 aclynoseeret.

2564 1867 2650 1931 22
