2902 4649
218 1676 299 1743 18

334 169 460 235 122

1110 170 1188 226 Μ.
1226 168 1474 225 TULLII
1515 166 1899 225 CICERONIS
1960 181 1977 198 ··

645 338 700 398 Α
745 340 869 399 sole
915 338 1233 398 exoriente
1275 353 1470 413 supra
1519 336 1781 397 Maeotis
1818 336 2082 412 paludes

822 437 997 487 nemo
1043 433 1133 487 est
1175 427 1285 501 qui
1320 424 1514 501 saetis
1559 443 1653 486 me
1699 427 2113 501 aequiperare
2155 428 2357 499 queat.

236 544 308 594 50
329 532 500 604 Quod
548 533 599 592 si
646 539 760 608 est,
804 531 978 593 beata
1022 533 1141 593 vita
1178 530 1483 611 glorianda
1523 539 1583 592 et
1618 530 2013 611 praedicanda
2052 538 2113 591 et
2149 539 2293 609 prae
2332 547 2396 590 se
2434 520 2682 590 ferenda

327 629 447 703 est3
492 620 640 682 nihil
686 631 780 683 est
824 622 984 682 enim
1030 619 1187 682 aliud
1236 620 1394 699 quod
1443 618 1909 700 praedicandum
1955 626 2016 680 et
2059 636 2203 698 prae
2252 634 2317 679 se
2362 617 2682 679 ferendum

325 711 420 771 sit.
515 708 745 781 Quibus
789 711 1002 790 positis
1048 708 1345 788 intellegis
1393 708 1536 790 quid
1585 717 1888 788 sequatur.

501 797 578 859 Et
625 795 893 880 quidem,
952 799 1071 859 ulsi
1115 815 1185 858 ea
1230 800 1348 859 vita
1393 796 1566 859 beata
1621 804 1738 878 est,
1797 814 1949 876 quae
2005 803 2098 857 est
2152 793 2358 856 eadem
2412 793 2681 874 honesta,

324 889 402 947 sit
447 879 606 948 aliud
653 900 900 949 necesse
948 895 1042 948 est
1086 885 1300 948 melius
1337 888 1458 947 vita
1502 871 1690 947 Beata.
1782 884 1954 956 Quod
1993 886 2110 945 erit
2147 886 2307 945 enim
2341 882 2682 962 honestum,

322 983 486 1036 certe
535 974 883 1038 fatebuntur
929 993 1062 1036 esse
1109 973 1349 1036 melius:
1411 976 1496 1035 ita
1559 976 1677 1036 erit
1740 972 1914 1034 beata
1976 976 2095 1034 vita
2158 971 2373 1033 melius
2439 971 2682 1053 aliquid,

322 1079 441 1142 quo
489 1062 632 1142 quid
678 1072 879 1144 potest
924 1063 1044 1125 dici
1102 1058 1490 1144 perversius?
1582 1058 1784 1134 Quid?
1845 1075 1982 1123 cum
2037 1062 2303 1122 fatentur
2357 1062 2502 1121 satis
2557 1077 2680 1120 ma·

322 1161 497 1230 gnam
543 1154 662 1212 vim
720 1169 851 1214 esse
906 1154 971 1213 in
1026 1153 1186 1213 vitiis
1242 1149 1314 1211 ad
1368 1153 1649 1212 miseram
1703 1152 1918 1231 vitam,
1972 1165 2170 1211 nonne
2226 1144 2533 1209 fatendum
2588 1157 2683 1209 est

323 1239 572 1301 eandem
608 1239 726 1302 vim
770 1243 835 1301 in
871 1242 1091 1303 virtute
1138 1258 1271 1300 esse
1318 1238 1390 1300 ad
1436 1238 1671 1300 beatam
1706 1234 1930 1300 vitam?
2021 1237 2472 1299 Contrariorum
2517 1238 2681 1297 enim

229 1339 300 1388 51
323 1330 619 1389 contraria
666 1336 810 1389 sunt
856 1330 1299 1407 consequentia.
1392 1326 1523 1398 Quo
1572 1327 1702 1388 loeo
1751 1341 2000 1408 quaero,
2058 1339 2236 1407 quam
2289 1328 2410 1386 vim
2464 1324 2682 1386 habeat

320 1415 472 1476 libra
517 1415 615 1477 illa
662 1416 930 1497 Critolai,
970 1418 1082 1521 9¹¹1
1129 1434 1265 1478 cum
1312 1419 1378 1477 in
1423 1416 1670 1477 alteram
1715 1416 1943 1478 lancem
1983 1416 2162 1475 animi
2206 1413 2363 1475 bona
2407 1416 2677 1494 inponat,

319 1505 383 1564 in
445 1503 692 1565 alteram
748 1507 1019 1585 corporis
1084 1513 1145 1566 et
1210 1513 1481 1586 externa,
1544 1512 1775 1566 tantum
1838 1504 2215 1584 propendere
2279 1501 2440 1563 illam
2505 1500 2681 1579 [boni

321 1590 581 1671 lancem]
628 1601 825 1675 putet,
873 1602 940 1655 ut
988 1585 1213 1655 terram
1260 1601 1322 1654 et
1368 1553 1554 1654 maria
1599 1592 1909 1673 deprimat.

501 1680 656 1752 Quid
718 1700 859 1761 ergo
921 1690 1024 1743 aut
1079 1682 1241 1743 hunc
1300 1681 1582 1761 prohibet
1649 1689 1753 1743 aut
1813 1682 1991 1742 etiam
2050 1669 2447 1741 Xenocratem
2506 1677 2682 1738 illum

271 1770 733 1848 -gravissimum
795 1769 1315 1850 philosophorum,
1380 1776 1835 1850 exaggerantem
1889 1775 2105 1830 tanto
2129 1785 2312 1861 opere
2371 1769 2680 1847 virtutem,

319 1865 737 1918 extenuantem
786 1864 987 1918 cetera
1040 1866 1102 1919 et
1157 1856 1542 1938 abicientem,
1606 1860 1670 1918 in
1730 1860 1951 1919 virtute
2015 1875 2139 1918 non
2201 1855 2434 1917 beatam
2498 1854 2680 1915 modo

317 1947 523 2026 vitam,
569 1945 674 2007 sed
722 1948 900 2006 etiam
945 1944 1345 2008 beatissimam
1382 1941 1656 2026 ponere?
1748 1944 1918 2016 Quod
1967 1944 2208 2024 quidem
2256 1947 2373 2005 nisi
2417 1943 2512 2025 fit,
2556 1945 2681 2004 vir·

314 2132 603 2187 ascendere
628 2132 887 2203 cuiquam
915 2137 1010 2202 est,
1048 2133 1141 2188 Mi
1166 2134 1273 2189 soli
1298 2134 1438 2190 caeli

314 2203 561 2257 maxima
586 2208 759 2272 porta
785 2208 957 2272 patet.

385 2287 588 2344 supra,
607 2291 676 2329 zu
696 2274 1002 2330 verbinden
1021 2274 1128 2330 mit
1145 2275 1436 2343 exoriente,

313 2343 412 2400 die
465 2346 612 2400 noeh
674 2345 895 2401 enseits
950 2346 1048 2401 des
1084 2346 1437 2402 Maoffisehen

314 2414 449 2470 sees
488 2416 659 2486 aufge
701 2418 745 2470 t.

389 2486 659 2543 Maeouo:
693 2487 809 2542 Der
835 2485 1076 2542 Genetiv
1114 2487 1219 2542 auf
1247 2488 1300 2543 is
1325 2505 1437 2543 von

312 2556 523 2625 griech.
561 2557 829 2612 Wbrtern
874 2557 977 2612 auf
1006 2578 1058 2621 ις
1095 2589 1163 2598 -
1200 2560 1323 2622 :dog
1358 2557 1436 2614 ist

312 2624 660 2683 namentlich
695 2628 789 2684 bei
824 2628 1098 2683 Dichtern
1142 2628 1259 2684 und
1307 2646 1333 2683 s
1375 2634 1435 2684 fi.-

309 2698 440 2751 tem
475 2696 810 2754 Prosaikem
843 2699 1002 2754 nieht
1049 2701 1254 2765 salton,
1300 2716 1336 2755 a
1375 2717 1436 2754 er

313 2768 460 2823 auch
510 2768 624 2825 Cio.
675 2770 746 2825 de
795 2768 908 2839 leg.
955 2786 1076 2840 agr.
1128 2771 1181 2826 II
1229 2776 1326 2840 19,
1364 2777 1432 2827 52

312 2841 445 2908 sagi:
473 2839 798 2896 Maeote.—
818 2840 956 2896 Hier
989 2842 1066 2897 ist
1099 2842 1159 2897 in
1190 2842 1435 2897 Maeotis

311 2907 414 2964 das
450 2925 479 2964 a
513 2910 606 2964 fiir
641 2910 752 2965 den
778 2911 920 2966 Vere
956 2911 1116 2966 nieht
1149 2912 1431 2970 beaehtet.

308 2995 392 3034 me
425 2979 570 3034 fehlt
604 2979 665 3034 in
694 2980 801 3035 den
834 2981 1023 3050 Hdss„
1059 2983 1135 3038 ist
1171 2982 1307 3038 aber
1340 2983 1434 3037 fiir

309 3049 428 3105 den
458 3049 769 3107 Godanken
803 3051 966 3106 nieht
1001 3070 1069 3106 zu
1106 3053 1430 3111 entbehren.

383 3122 469 3176 50.
507 3120 592 3176 Et
601 3122 842 3207 quidem
876 3122 1036 3176 fflhrt
1062 3122 1223 3178 einen
1248 3140 1432 3179 neuen

308 3189 527 3247 Beweis
564 3192 657 3247 ein
701 3194 765 3263 (s.
808 3190 1047 3261 Seyffert
1084 3193 1270 3248 Schol.
1307 3194 1430 3250 Lat.

307 3261 336 3314 I
370 3281 423 3332 p.
465 3264 584 3333 61),
635 3262 751 3318 und
801 3278 949 3318 zvar
985 3262 1289 3321 denselben
1324 3263 1431 3319 Be·

306 3333 468 3401 wate,
519 3333 628 3388 mit
677 3333 805 3389 dem
854 3334 958 3390 der
1004 3334 1229 3390 Stoiker
1266 3334 1336 3390 de
1374 3336 1427 3390 d.

305 3405 424 3460 nat.
453 3375 515 3457 ’11
544 3409 595 3471 8,
623 3409 690 3459 21
732 3404 825 3460 die
844 3403 1320 3490 Vernfinstigkeit·
1334 3405 1433 3461 der

307 3474 465 3528 Welt
489 3474 739 3531 beweist.
807 3475 966 3546 Quod
989 3477 1207 3532 ratione
1232 3477 1431 3544 utitur,

304 3544 371 3598 id
404 3545 598 3599 melius
632 3551 709 3600 est
743 3562 909 3615 quam
944 3548 1009 3601 ia
1043 3548 1190 3617 quod
1214 3548 1432 3603 ratione

305 3629 421 3668 nou
482 3616 678 3670 utitur.
752 3616 920 3671 Nih-il
979 3622 1159 3673 autem
1222 3619 1430 3673 mwndo

304 3679 515 3812 ’gam'
606 3684 849 3741 Ratione
930 3688 1107 3756 ἐρέται·
1189 3690 1431 3745 mumdua

380 3824 571 3898 Quid?
608 3840 732 3882 oum
765 3828 1016 3894 fatentur
1063 3828 1171 3883 oet.
1242 3829 1317 3884 Es
1355 3830 1434 3885 ist

303 3897 398 3952 ein
432 3914 546 3953 von
581 3896 692 3954 den
729 3897 993 3954 Stoikern
1029 3899 1222 3969 haufig
1183 3915 1432 3971 g-ange

303 3968 561 4023 wand'ter
595 3969 839 4038 BeweiS,
890 3968 1123 4025 dassen
1189 3986 1427 4042 ‹ae-geng

303 4039 484 4094 setzte
520 4038 705 4110 Dinge
746 4044 1158 4112 entgegengese
1127 4044 1273 4096 ezte
1301 4041 1428 4097 Fol-

305 4118 418 4177 gen
452 4109 654 4165 haben.

377 4183 462 4235 51.
500 4197 664 4249 quam
698 4183 811 4237 vim
844 4183 1070 4238 habeat:
1123 4180 1242 4253 vgl.
1278 4183 1305 4236 I
1343 4188 1429 4252 22,

303 4254 376 4304 52
394 4250 539 4306 hano
564 4252 723 4306 habet
747 4254 859 4308 vim
883 4259 1236 4323 praeceptum
1258 4253 1430 4321 Apol-

302 4321 454 4378 linis.
503 4322 618 4377 Der
646 4322 783 4378 Sinn
809 4323 909 4380 ist·
945 4324 1232 4382 Kritolaus
1262 4323 1429 4380 sollte

1546 2133 1718 2202 doeh,
1770 2133 1846 2188 da.
1895 2149 1956 2187 er
2004 2132 2113 2187 den
2162 2131 2421 2187 ausseren
2457 2131 2683 2187 Giitern

1543 2221 1652 2258 nur
1688 2176 1750 2259 εἷο
1787 2203 1976 2273 wenig
2010 2202 2175 2257 Wert
2209 2202 2680 2274 beilegt‚1ieber

1545 2274 1733 2402 {aa
1767 2272 2420 2416 gastandan&
2420 2244 2684 2400 133&ssss

1544 2417 1784 2473 machon
1819 2417 2021 2472 kbnne.
2087 2416 2393 2484 Kritolaus‚
2430 2416 2530 2470 der
2563 2416 2679 2471 Pe-

1545 2486 1897 2557 natetiker,
1933 2504 2053 2542 war
2089 2487 2173 2541 als
2203 2486 2404 2542 dritter
2438 2486 2534 2541 bei
2568 2486 2681 2542 der

1649 2565 1701 2627 3,
1739 2563 1770 2612 5
1809 2530 2140 2613 θιπᾶὶιιιήθιι
2177 2555 2679 2614 Gesandtschafts-

1544 2629 1703 2684 reise

1614 2705 1818 2756 terram
1845 2703 1897 2754 et
1923 2700 2107 2755 maria
2135 2699 2439 2770 deprimat.-
2474 2698 2545 2753 de
2570 2698 2676 2755 fin.

1542 2770 1595 2825 V
1631 2775 1729 2840 30,
1776 2777 1842 2826 92
1896 2770 2155 2837 Terram,
2197 2771 2336 2831 mihi
2380 2770 2558 2836 erede,
2604 2785 2680 2825 ea

1543 2841 1682 2897 lame
1719 2845 1769 2897 et
1803 2842 1987 2896 maria
2032 2841 2312 2910 deprimet.
2377 2840 2677 2895 Kritolaus

1543 2911 1721 2966 selbot
1783 2912 2004 2967 seheint
2059 2912 2182 2967 sich
2234 2911 2418 2968 dieses
2471 2909 2676 2966 Bildes

1541 3000 1639 3037 zur
1674 2983 2073 3038 Bezeiehnun
2106 2982 2203 3037 dea
2241 2983 2525 3038 starksten
2559 2979 2682 3038 Ge-

1540 3053 1923 3124 gengewiohts
1958 3054 2030 3108 be
2075 3053 2191 3108 ent
2225 3070 2295 3108 zu
2330 3053 2529 3109 haben.

1611 3124 1752 3193 Kap.
1810 3123 1907 3179 18.
1985 3123 2374 3191 Xenocratem,
2436 3142 2477 3180 s.
2533 3142 2578 3177 z.
2648 3125 2680 3178 I

1541 3199 1629 3264 10,
1655 3200 1744 3249 20.
1789 3194 2009 3277 Wegen
2037 3194 2223 3249 seiner
2252 3194 2674 3265 Sittenstrenge

1540 3236 1707 3319 stand
1745 3281 1805 3319 er
1840 3264 1900 3319 in
1936 3265 2126 3320 Athen
2160 3265 2221 3320 in
2259 3265 2511 3322 solehem
2545 3262 2670 3320 An·

1539 3335 1740 3402 sehen,
1792 3334 1915 3390 dass
1962 3335 2176 3391 seinem
2225 3335 2466 3405 Zeugnis
2513 3336 2671 3391 auch

1541 3405 1688 3461 ohne
1725 3377 1835 3460 I’Eid
1871 3406 2147 3476 geglaubt
2182 3406 2390 3461 warde.

1595 3477 1727 3531 nisi
1769 3477 1835 3544 fit
1881 3507 1950 3516 —-
2002 3483 2370 3546 consequetur.
2444 3476 2677 3560 Abvei·

1542 3546 1798 3629 ehungen
1842 3560 1958 3602 von
2004 3546 2104 3602 der
2148 3547 2357 3618 Regel,
2416 3548 2540 3603 dass
2591 3547 2685 3603 im

1538 3616 1975 3673 kondieionalen
2011 3589 2393 3675 Nebensatze
2418 3619 2517 3674 das
2553 3618 2681 3674 Fu·-

1539 3690 1636 3742 tur
1672 3689 1850 3758 steht,
1886 3702 2050 3744 wenn
2086 3691 2167 3744 im
2202 3690 2518 3773 Hauptsatz
2570 3690 2688 3746 das

1539 3759 1719 3813 Futur
1769 3732 1948 3826 steht,
2000 3760 2192 3816 finden
2228 3760 2349 3815 sich
2386 3761 2534 3816 auch
2571 3761 2680 3817 bei

1541 3827 1656 3885 Cio.
1722 3831 2069 3886 namentlieh
2141 3831 2203 3886 in
2267 3831 2377 3887 den
2440 3831 2686 3887 Briefen

1537 3899 1701 3954 nieht
1736 3901 1934 3957 selten.
2008 3901 2082 3957 ad.
2123 3902 2190 3968 Q.
2228 3902 2296 3956 fr.
2325 3902 2353 3955 1
2392 3910 2442 3969 1,
2481 3907 2566 3969 11,
2600 3908 2681 3957 32

1537 3971 1737 4040 quibus
1783 3974 1836 4027 si
1878 3974 2262 4040 adversamur,
2317 3975 2566 4029 ordinem
2607 4004 2687 4014 —-

1540 4058 1580 4096 a
1605 4056 1664 4097 re
1682 4043 1914 4112 publiea
1941 4044 2352 4113 diaiwnyemus;
2376 4045 2469 4099 sin
2489 4049 2688 4100 autem

1539 4127 1847 4182 aequemur,
1910 4140 1979 4155 —·-
2040 4115 2337 4183 patiemur.
2412 4115 2487 4170 ad
2552 4116 2691 4173 Ast..

1540 4182 1624 4236 HI
1655 4190 1738 4253 18,
1776 4190 1809 4238 2
1846 4202 2002 4255 quem
2039 4199 2134 4256 eye
2169 4187 2357 4241 miser·
2368 4188 2424 4242 si
2455 4186 2686 4241 ineolu-

1537 4266 1676 4310 mem
1699 4257 1804 4310 rel
1962 4272 2132 4323 ,uon
2157 4272 2240 4312 me
2268 4262 2442 4312 totum
2460 4258 2693 4325 perisse

1540 4326 1871 4383 arbitrabor.
1949 4327 2023 4382 ad
2058 4327 2193 4383 fam.
2232 4326 2362 4382 XIV
2399 4333 2433 4382 2
2469 4329 2621 4398 quod
2639 4333 2706 4388 εἰ
