2902 4649
340 115 433 205 44

258 1741 323 1790 78

236 2130 322 2256 a

290 3671 563 3744 ’ἄκούω,
626 3671 769 3730 πολύ
835 3696 930 3763 μορε.

1124 142 1199 195 Μ.
1239 139 1485 195 TULLII
1522 138 1910 195 CICERONIS

523 306 655 368 Erit
699 309 882 386 igitur
927 309 990 367 in
1038 306 1543 368 consolationibus
1588 309 1777 386 prima
1824 300 2120 368 medicina
2164 306 2382 369 docere
2427 317 2530 370 aut
2566 308 2711 370 nul·

344 396 466 457 lum
534 396 752 456 malum
818 414 949 456 esse
1014 405 1117 457 aut
1172 396 1489 457 admodum
1546 413 1819 476 parvum3
1883 395 2067 456 altera
2130 405 2191 457 et
2255 397 2328 457 de
2394 399 2709 462 communi

346 485 685 547 conditione
742 487 893 545 vitae
949 493 1011 546 et
1063 487 1333 566 proprie,
1399 488 1450 545 si
1511 484 1651 564 quid
1714 487 1792 546 sit
1851 484 1924 546 de
1980 486 2195 566 ipsiuS,
2259 487 2363 565 qui
2418 494 2712 569 maereat,

346 574 795 655 disputandum3
857 576 1033 635 tertia
1089 591 1380 635 summam
1436 592 1570 635 esse
1626 573 1937 635 stultitiam
1996 574 2218 635 frustra
2274 576 2486 636 confici
2541 592 2708 635 mae·

344 681 510 743 rore,
566 681 702 724 cum
757 661 1064 742 intellegas
1120 662 1267 723 nihil
1323 681 1499 742 posse
1565 663 1792 742 profici.
1882 662 2030 723 Nam
2085 662 2399 725 Cleanthes
2454 660 2706 743 quidem

346 755 676 832 sapientem
723 751 1093 832 consolatur,
1140 754 1244 831 qui
1290 751 1693 812 consolatione
1741 770 1859 812 non
1907 760 2059 831 eget.
2150 751 2311 813 Nihil
2357 754 2516 814 enim
2564 771 2708 815 esse

346 840 565 902 malum
603 840 765 920 quod
803 848 979 921 turpe
1019 860 1138 901 non
1176 843 1271 921 sit,
1301 843 1351 901 si
1388 840 1616 919 lugenti
1653 843 2044 922 persuaseris»,
2072 860 2194 901 non
2230 849 2298 902 tu
2334 841 2420 902 illi
2447 842 2705 924 luctum,

346 930 451 991 sed
492 929 803 991 stultitiam
841 929 1199 1010 detraxeris3
1246 929 1505 990 alienum
1543 939 1743 990 autem
1779 938 2016 1008 tempus
2054 929 2325 992 docendi.
2385 929 2463 992 Et
2498 940 2706 993 tamen

345 1037 465 1079 non
531 1021 674 1079 satis
738 1019 884 1080 mihi
949 1018 1182 1079 videtur
1246 1018 1466 1079 vidisse
1525 1017 1640 1079 hoc
1696 1017 2040 1100 CleantheS,
2103 1021 2328 1098 suscipi
2382 1020 2707 1100 aliquando

345 1107 776 1186 aegritudinem
823 1125 1000 1187 posse
1048 1125 1119 1168 ex
1168 1126 1239 1167 eo
1285 1110 1435 1188 ipso,
1483 1106 1642 1186 quod
1690 1125 1822 1168 esse
1870 1125 2168 1168 summum
2205 1108 2424 1169 malum
2466 1108 2705 1187 [Clean-

346 1195 508 1274 thes]
564 1199 694 1277 ipse
749 1197 1019 1257 fateatur.
1111 1194 1265 1266 Quid
1323 1199 1484 1256 enim
1540 1196 1834 1277 dicemus,
1891 1215 2028 1258 cum
2086 1195 2364 1258 Socrates
2409 1198 2706 1276 Alcibiadi

342 1288 767 1367 persuasisset,
822 1294 890 1346 ut
936 1286 1301 1365 accepimuS,
1350 1284 1497 1345 'eum
1543 1284 1692 1346 nihil
1735 1284 1994 1345 hominis
2040 1304 2172 1346 esse
2221 1304 2331 1348 nec
2381 1290 2707 1367 quicquam

342 1375 502 1434 inter
557 1373 916 1435 Alcibiadem
982 1392 1213 1435 summo
1278 1373 1408 1435 loco
1480 1382 1683 1435 natum
1748 1383 1811 1435 et
1864 1377 2132 1452 quemvis
2191 1374 2447 1438 baiolum
2512 1378 2701 1437 inter·

345 1481 508 1544 esse,
570 1481 708 1523 cum
770 1481 833 1523 se
890 1462 1220 1523 Alcibiades
1281 1462 1611 1524 adflictaret
1668 1461 2102 1542 lacrimansque
2160 1464 2391 1526 Socrati
2445 1465 2702 1545 supplex

344 1559 532 1633 esset,
590 1558 659 1612 ut
715 1551 828 1613 sibi
874 1554 1154 1613 virtutem
1210 1549 1478 1613 traderet
1531 1551 2083 1631 turpitudinemque
2144 1552 2496 1635 depelleret,
2552 1554 2700 1633 quid

345 1639 637 1720 dicemus,
695 1637 1020 1703 Cleanthe?
1085 1658 1230 1701 num
1286 1642 1349 1701 in
1404 1639 1503 1701 illa
1559 1659 1652 1723 re,
1709 1659 1862 1720 quae
1915 1642 2288 1721 aegritudine
2335 1642 2700 1704 Alcibiadem

344 1728 671 1810 adficiebat,
716 1728 853 1789 mali
898 1728 1044 1790 nihil
1091 1725 1321 1789 fuisse?
1412 1726 1614 1800 Quid?
1667 1728 1766 1790 illa
1810 1728 2064 1810 Lyconis
2111 1731 2306 1810 qualia
2352 1729 2537 1794 sunt?
2592 1734 2701 1812 qui

344 1817 776 1896 aegritudinem
824 1826 1154 1879 extenuans
1199 1820 1398 1897 parvis
1453 1820 1536 1878 ait
1592 1836 1720 1879 eam
1780 1817 1961 1880 rebus
2007 1821 2269 1901 moveri,
2314 1821 2587 1882 fortunae
2636 1829 2701 1883 et

345 1908 614 1985 corporis
669 1905 1088 1988 incommodiS,
1143 1924 1264 1966 non
1323 1908 1505 1967 animi
1560 1906 1746 1968 malis.
1839 1907 1991 1979 Quid
2050 1905 2237 1987 ergo?
2298 1909 2469 1990 illud,
2535 1910 2699 1989 quod

343 1993 675 2058 Alcibiades
732 1993 992 2074 dolebat,
1056 2012 1177 2055 non
1234 2014 1306 2056 ex
1362 1996 1542 2055 animi
1606 1995 1776 2057 malis
1832 1998 2108 2076 vitiisque
2166 1994 2518 2059 constabat?
2605 1998 2698 2059 Ad

342 2082 589 2163 Epicuri
637 2083 1100 2145 consolationem
1148 2086 1292 2145 satis
1337 2092 1430 2145 est
1477 2092 1613 2146 ante
1661 2085 1902 2146 dictum.

522 2171 608 2233 Ne
655 2171 753 2233 illa
803 2172 1041 2252 quidem
1093 2173 1430 2233 firmissima
1470 2173 1794 2235 consolatio
1832 2183 1941 2255 est,
1988 2192 2346 2254 quamquam
2384 2185 2444 2236 et
2483 2178 2701 2238 usitata

345 2269 436 2321 est
492 2271 553 2322 et
608 2279 783 2342 saepe
838 2261 1109 2342 prodest:
1172 2256 1325 2322 ‘Non
1384 2262 1494 2323 tibi
1539 2262 1653 2323 hoc
1701 2258 1852 2327 soli?
1943 2262 2196 2326 Prodest
2243 2264 2388 2326 haec
2436 2266 2700 2349 quidem,

342 2359 410 2412 ut
456 2350 604 2431 dixi,
661 2350 763 2411 sed
821 2369 940 2424 nec,
991 2369 1226 2430 semper
1283 2371 1394 2441 nec
1450 2352 1745 2413 omnibus
1837 2353 1991 2415 Sunt
2036 2356 2193 2414 enim
2243 2357 2345 2433 qui
2391 2364 2703 2439 respuant,
2738 2400 2751 2419 .

413 2540 555 2610 Kap.
589 2538 686 2594 32.
727 2545 810 2595 77.
849 2541 1122 2595 communi
1156 2541 1469 2596 conditione
1576 2546 1609 2595 2
1655 2540 1765 2596 Sed
1810 2543 1863 2595 si
1911 2542 1996 2596 vis
2030 2543 2185 2597 homo
2235 2558 2371 2610 esse,
2419 2545 2595 2613 recipe
2645 2548 2702 2600 te

342 2611 589 2665 schreibt
625 2609 738 2667 Cic.
819 2611 903 2666 als
950 2611 1022 2666 ob
1065 2611 1228 2666 nicht
1262 2613 1468 2679 docere,

344 2681 586 2737 sondern
624 2681 715 2738 ein
750 2654 996 2762 &Verbum
1038 2682 1144 2737 wie
1189 2684 1467 2751 disserere,

342 2754 626 2823 disputare
660 2753 1051 2824 vorhergmge.

412 2841 563 2891 nam,
600 2842 642 2878 s.
683 2842 752 2878 zu
793 2832 874 2892 16,
913 2829 998 2879 35.

412 2910 477 2949 sa
529 2895 540 2908 ‘
714 2937 726 2949 .
799 2895 910 2950 Ein
955 2895 1190 2950 auderet
1236 2896 1320 2951 als
1365 2896 1466 2952 der

341 2965 529 3019 Weise
575 2965 717 3020 wird
762 2965 891 3020 dem
939 2965 1129 3034 Satze,
1185 2966 1309 3023 dass
1346 2985 1467 3038 ‚nur

343 3035 443 3090 das
499 3035 1117 3092 Moralisch-schlechte
1180 3036 1272 3092 ein
1319 3027 1467 3092 Ubel

342 3107 441 3176 sei,
490 3104 650 3161 nicht
694 3105 951 3162 Glauben
995 3107 1299 3178 sebenken,
1345 3109 1462 3163 und

342 3175 443 3232 ibn
479 3194 592 3233 von
629 3178 729 3233 der
759 3178 1058 3233 Wahrbeit
1093 3196 1161 3232 zu
1197 3180 1463 3235 fiberzeu-

340 3264 451 3318 gen
494 3248 595 3319 ist,
652 3265 715 3306 so
758 3249 929 3320 lange
976 3267 1036 3305 er
1078 3266 1190 3305 von
1227 3250 1461 3306 Leiden-

342 3321 599 3377 schaften
634 3323 823 3390 erregt
855 3323 947 3389 ist,
984 3320 1143 3376 nicht
1178 3321 1315 3379 Zeit.

413 3394 736 3462 aliquando,
770 3393 1076 3449 bisweilen.

414 3464 665 3519 Socrates
717 3463 1017 3520 Alcibiadi.
1111 3463 1308 3531 Quelle
1362 3464 1464 3519 der

340 3534 637 3589 Anekdote
681 3534 759 3589 ist
792 3535 955 3592 Plato
995 3535 1250 3623 Sympos.
1280 3540 1384 3590 215
1409 3552 1462 3603 e,

342 3622 429 3659 wo
500 3604 831 3661 Alkibiades
905 3609 1059 3676 sagi-,t
1143 3625 1280 3663 οταν
1352 3602 1462 3676 γὰρ

990 3677 1199 3748 μᾶλλον
1254 3671 1289 3747 ἢ
1347 3677 1460 3732 τῶν

340 3742 842 3832 κορυβςιντιῶντων
887 3768 923 3816 η
961 3767 1022 3834 τεε
1058 3749 1268 3834 νιαριξία
1303 3749 1464 3819 πηδᾷ

282 3848 292 3860 ·
342 3818 441 3874 καὶ
468 3822 692 3886 δακρυα
720 3813 968 3885 ἐκχεῖται
993 3838 1107 3873 vno
1137 3840 1248 3874 των
1276 3817 1459 3889 λόγων

340 3891 452 3943 τῶν
516 3884 736 3944 τούτου.
809 3888 976 3944 Diese
1041 3889 1268 3945 weitere
1319 3890 1459 3945 Aus-

342 3959 727 4031 sehmx‘ickung
747 3959 824 4015 ist
840 3959 941 4014 das
952 3960 1129 4015 Werk
1153 3961 1305 4015 eines
1333 3967 1459 4031 spa.-

340 4033 498 4086 teren
535 4030 932 4100 Philosopben.

411 4103 556 4157 nihil
589 4103 838 4159 hminis.
899 4102 1030 4172 Vgl.
1060 4104 1130 4157 de
1168 4101 1258 4158 off.
1288 4103 1343 4157 II
1373 4109 1458 4174 14,

342 4179 412 4229 50
462 4174 595 4229 dm·
651 4176 794 4229 enim
849 4175 1087 4229 hominis
1143 4175 1227 4229 vel
1267 4175 1460 4243 potius

339 4246 437 4301 vice
480 4246 715 4301 hominis
756 4246 975 4301 videtur
1014 4246 1322 4314 periculum
1368 4262 1457 4301 ca·

329 4318 473 4388 pitis
508 4317 714 4385 inferre
748 4317 948 4374 multis.
1007 4317 1080 4372 ad
1116 4318 1234 4372 Att.
1262 4317 1341 4371 IV
1373 4323 1457 4388 15,

1575 2613 1650 2667 ad
1684 2627 1799 2668 nos.

1647 2707 1730 2757 78.
1770 2700 1979 2772 Lycen,
2016 2699 2109 2756 ein
2138 2702 2374 2757 Schfiler
2409 2703 2507 2759 des
2537 2703 2697 2759 Stra-

1573 2774 1688 2841 ton,
1735 2771 1900 2827 stand
1946 2771 2034 2826 bis
2071 2777 2176 2828 225
2223 2773 2323 2828 der
2366 2774 2697 2845 peripateti·

1574 2843 1745 2897 schen
1802 2842 2005 2897 Sebule
2064 2843 2123 2898 in
2178 2842 2367 2900 Athen
2423 2862 2541 2901 vor.
2613 2846 2698 2902 Er

1570 2914 1672 2969 hat
1708 2914 1847 2977 iiber
1875 2913 1974 2969 das
2011 2913 2248 2970 hochste
2277 2914 2390 2970 Gut
2415 2917 2696 2987 geschrie·

1570 2983 1696 3040 ben.
1772 2985 1842 3039 de
1871 2984 1964 3038 fin.
1993 2984 2045 3039 V
2073 2991 2124 3052 5,
2155 2991 2222 3040 13
2248 2990 2425 3042 neunt
2449 2988 2549 3043 ihn
2576 2987 2698 3046 Cio.
2800 2994 2807 3001 '

1570 3057 1817 3141 oratione
1862 3056 2124 3125 locuples,
2169 3058 2331 3113 rebus
2375 3061 2517 3128 ipsis
2550 3061 2696 3116 ieiu-

1569 3143 1711 3183 mor.

1571 3216 1717 3342 mm}
1750 3215 2008 3341 fpgcuri.
2074 3204 2227 3273 'Uber
2263 3219 2338 3274 acl
2375 3235 2419 3275 s.
2447 3239 2493 3274 z.
2521 3219 2599 3273 ΙΙΙ
2640 3225 2697 3291 9,

1643 3330 1654 3340 .
1791 3328 1805 3354 ,
1881 3331 1892 3342 .

1639 3376 1780 3446 Kap.
1817 3375 1915 3431 33.
1993 3383 2077 3432 79.
2113 3376 2247 3432 Non
2283 3379 2388 3433 tibi
2430 3379 2528 3434 hoc
2568 3381 2692 3435 soli.

1568 3446 1736 3502 Diese
1759 3447 1984 3501 Formel
2014 3448 2113 3503 des
2144 3450 2372 3504 Trostes
2400 3467 2519 3505 war
2545 3451 2693 3506 auch

1567 3517 1662 3572 bei
1709 3519 1817 3573 den
1855 3517 2132 3574 Grieehen
2178 3520 2293 3575 fast,
2331 3518 2691 3589 sprichwort-

1568 3589 1700 3644 licb.
1775 3590 1905 3644 Eur.
1942 3590 2177 3659 Kresph.
2226 3591 2291 3644 fr.
2321 3595 2427 3646 456
2464 3592 2693 3649 Nauck2

1569 3661 1810 3715 τεθνᾶσι
1847 3663 2051 3724 παῖδες
2088 3657 2193 3716 οὐκ
2234 3657 2358 3731 ἐμοὶ
2387 3659 2535 3734 μόνῃ
2564 3665 2690 3735 βρο-

1567 3731 1699 3788 τῶν.
1774 3731 2014 3788 Theokr.
2061 3732 2114 3788 b.
2154 3731 2309 3788 Stob.
2352 3733 2406 3789 fl.
2449 3739 2580 3800 124,
2618 3741 2692 3789 34

1571 3799 1796 3872 θάρρει,
1825 3801 2090 3874 βέλτιστε,
2112 3798 2180 3858 οὗ
2208 3803 2298 3858 σοὶ
2326 3801 2482 3877 μόνῳ
2510 3805 2691 3860 ταῦτα

1566 3871 1816 3942 γέγονεν.
1882 3874 2019 3929 Hier
2045 3874 2185 3928 wird
2222 3874 2403 3930 damit
2432 3875 2691 3946 zugleich

1567 3944 1667 3998 der
1696 3944 2047 4015 Trostgrund
2081 3946 2181 4001 der
2222 3945 2562 4015 Cyrenaiker
2592 3947 2690 4002 be-

1567 4006 2692 4158 3ffi3⁰35ss'1?5;1{{1225322h323332ffi3

1567 4159 1891 4215 erscheinen
1928 4159 2105 4227 durfe,
2144 4159 2275 4215 weil
2308 4160 2456 4214 auch
2484 4160 2692 4218 andere

1567 4229 1754 4286 davon
1789 4230 2060 4286 betroffen
2099 4229 2269 4286 seien.
2330 4230 2459 4302 Vgl.
2498 4249 2542 4287 c.
2559 4239 2628 4287 23
2648 4233 2688 4290 f.

1636 4324 1700 4374 ut
1733 4321 1876 4387 dixi,
1915 4337 1957 4376 e.
1997 4325 2083 4390 25,
2123 4326 2207 4376 60.
