2902 4649
227 121 270 185 6
637 157 642 160 -
1018 120 1095 175 M.
1131 119 1376 175 TULLII
1413 116 1801 174 CICERONIS

167 280 208 344 3
231 288 467 349 nullane
515 295 607 348 est
653 285 984 347 adhibenda
1030 282 1309 347 curatio?
1390 285 1607 346 Utrum
1654 286 1814 363 quod
1860 288 2060 349 minus
2107 297 2361 351 noceant
2404 291 2591 351 animi

176 356 208 405 5
229 360 667 456 aegrotationes
713 393 892 455 quam
938 377 1241 456 corporis,
1287 393 1362 436 an
1410 373 1568 453 quod
1618 391 1870 454 corpora
1914 379 2114 437 curari
2159 380 2418 461 possint,
2463 382 2588 439 ani·

227 483 464 527 morum
511 464 801 526 medicina
848 462 1009 525 nulla
1054 460 1175 525 sit?
1264 463 1341 523 At
1395 471 1459 524 et
1512 461 1705 523 morbi
1750 467 2215 543 perniciosiores
2260 467 2588 548 pluresque

229 563 372 616 sunt
417 555 597 614 animi
643 571 821 633 quam
867 555 1154 632 corporis.
1247 552 1374 613 Hoc
1429 553 1593 613 enim
1645 553 1788 664 ipso·
1832 552 2026 614 odiosi
2081 565 2250 638 sunt,
2307 556 2464 635 quod
2511 556 2588 616 ad

230 645 490 704 animum
550 645 857 723 pertinent
916 660 1174 721 eumque
1235 640 1582 720 sollicitant,
1653 635 2037 718 ‘animusque
2094 641 2307 720 aeyer'
2378 653 2446 706 ut
2502 646 2589 706 ait

227 727 517 794 Ennius
518 750 757 809 semper
784 738 962 793 errat
996 749 1193 807 neque
1221 734 1362 808 pati
1395 748 1593 805 neque
1619 734 1868 807 perpeti
1891 738 2119 807 potest·
2155 752 2383 812 cupere
2414 752 2586 795 nam-

227 839 410 896 quam
447 815 708 883 desinit?
802 819 1033 891 Quibus
1080 817 1315 881 duobus
1362 818 1613 899 morbis,
1660 827 1728 880 ut
1772 821 2041 881 omittam
2087 820 2260 903 alios,
2321 825 2579 903 aegritu-

227 910 365 971 dine
413 918 474 970 et
520 910 863 990 cupiditate,
909 910 1015 988 qui
1059 908 1299 969 tandem
1345 918 1599 987 possunt
1644 911 1706 968 in
1754 925 2005 988 corpore
2055 928 2185 971 esse
2232 908 2587 990 graviores?

227 997 345 1069 Qui
390 1016 531 1059 vero
576 997 819 1077 probari
864 1005 1089 1078 potest,
1150 1009 1218 1058 ut
1274 996 1389 1057 sibi
1447 996 1674 1058 mederi
1729 998 1961 1058 animus
2016 1017 2138 1060 non
2191 1003 2401 1081 possit,
2444 1017 2588 1062 cum

225 1090 413 1166 ipsam
462 1087 815 1148 medicinam
871 1088 1141 1166 corporis
1197 1088 1433 1147 animus
1486 1086 1784 1146 invenerit
1839 1104 2095 1166 cumque
2143 1087 2214 1148 ad
2263 1107 2588 1169 corporum

225 1177 593 1237 sanationem
640 1175 895 1237 multum
949 1177 1078 1255 ipsa
1124 1193 1375 1255 corpora
1429 1183 1495 1235 et
1540 1181 1750 1235 natura
1796 1174 1986 1236 valeat
2029 1194 2142 1237 nec
2189 1195 2424 1261 omneS,
2479 1180 2588 1281 qui

224 1266 425 1325 curari
472 1283 535 1325 se
583 1267 744 1344 passi
789 1267 926 1343 sint,
973 1266 1258 1326 continuo
1302 1266 1482 1324 etiam
1519 1263 1951 1344 convalescant,
1995 1268 2178 1326 animi
2212 1275 2433 1348 autem,
2478 1267 2587 1346 qui

224 1371 290 1414 se
348 1355 544 1414 sanari
598 1353 894 1415 voluerint
948 1354 1400 1433 praeceptisque
1458 1354 1817 1432 sapientium
1870 1357 2211 1436 paruerint,
2279 1357 2409 1416 sine
2462 1354 2588 1416 nlla

174 1453 205 1501 6
226 1440 594 1503 dubitatione
651 1438 981 1503 sanentur?
1069 1441 1179 1502 Est
1230 1442 1533 1522 profecto·
1570 1442 1752 1502 animi
1813 1441 2132 1524 medicina,
2194 1442 2588 1525 philosophia,

225 1532 399 1591 cuius
459 1530 742 1592 auxilium
804 1548 950 1611 non,
1011 1537 1076 1592 ut
1131 1533 1193 1591 in
1252 1532 1522 1610 corporis
1571 1529 1822 1610 morbis,
1884 1531 2206 1609 petendum
2270 1540 2362 1593 est
2419 1533 2588 1616 foris,

225 1619 621 1698 omnibusque
669 1618 883 1700 opibus
930 1618 1176 1699 viribuS,
1222 1627 1290 1680 ut
1338 1625 1575 1679 nosmet
1618 1620 1734 1698 ipsi
1780 1618 1951 1679 nobis
1999 1621 2224 1681 mederi
2262 1623 2585 1703 possimus,

225 1707 648 1769 elaborandum
722 1718 834 1769 est.
946 1707 1316 1787 Quamquam
1390 1707 1464 1768 de
1539 1709 1818 1767 universa
1889 1708 2288 1791 philosophia,
2362 1717 2587 1789 quanto

225 1815 406 1876 opere
456 1806 516 1858 et
562 1797 893 1877 expetenda
940 1805 1101 1857 esset
1145 1803 1206 1857 et
1252 1795 1516 1877 colenda,
1565 1797 1727 1875 satiS,
1774 1803 1842 1857 ut
1886 1796 2174 1880 arbitror,
2217 1798 2445 1860 dictum
2492 1806 2589 1860 est

224 1886 289 1945 in
342 1883 679 1947 Hortensio.
770 1885 855 1946 De
912 1887 1202 1946 maxumis
1258 1894 1460 1946 autem
1525 1883 1710 1945 rebus
1764 1883 1912 1946 nihil
1969 1886 2096 1947 fere
2152 1889 2588 1949 intermisimus

224 1981 428 2052 postea
476 1993 588 2035 nec
634 1974 939 2054 disputare
988 1991 1098 2034 nec
1145 1973 1439 2054 scribere3
1498 1972 1595 2033 bis
1648 1980 1848 2035 autem
1904 1973 2073 2035 libris
2128 1978 2397 2056 exposita
2443 1986 2588 2037 suut

296 2163 440 2233 Kap.
487 2162 546 2218 3.
623 2168 672 2218 5.
750 2162 944 2218 Utrum
1008 2162 1186 2231 ᾳιιοᾱς
1259 2160 1351 2215 die

230 2235 410 2303 Frage
455 2234 599 2304 geht
644 2233 748 2289 auf
778 2240 809 2299 ξ
849 2239 877 2287 1
928 2233 1208 2304 Quidnam
1243 2248 1353 2287 esee

220 2320 421 2361 causae
448 2310 637 2375 putem
677 2306 783 2362 cet.
822 2304 1031 2360 zurflck
1075 2304 1191 2359 und
1229 2304 1349 2359 ent·

222 2376 348 2431 halt
394 2376 483 2432 die
534 2376 727 2432 zweite
775 2377 901 2431 eine
937 2375 1198 2432 Antwort·
1228 2374 1350 2429 bie-

222 2447 392 2503 tende
410 2447 607 2518 Frage,
646 2449 774 2503 dem
812 2465 890 2503 cm
923 2447 1070 2518 quod
1106 2447 1352 2515 corporis

227 2519 653 2588 entsprechend.

295 2590 375 2643 At
417 2595 469 2644 et
510 2591 714 2644 morbi:
762 2591 903 2644 stati
950 2589 1050 2644 des
1097 2590 1347 2657 entepre-

222 2660 476 2714 ohenden
514 2665 576 2715 et
617 2661 767 2731 folgt·
810 2663 910 2730 qui
951 2676 1076 2716 vero
1111 2660 1351 2728 probam·

213 2737 406 2802 potest.
482 2732 702 2803 Vg1.11
757 2738 856 2799 36,
903 2738 972 2787 63
1039 2732 1351 2787 videmusne

222 2809 272 2856 et
307 2805 462 2871 apud
496 2820 646 2874 quos,
709 2803 792 2856 III
830 2809 915 2871 36,
954 2809 1021 2858 63
1062 2803 1265 2872 Itaque
1300 2806 1351 2856 et

221 2873 534 2929 Aeschines.

293 2944 419 3000 Hoc
445 2946 589 3000 enim
615 2946 767 3013 ipso:
795 2943 887 2998 die
917 2942 1350 2999 Geisteskrank-

221 3014 414 3070 heiten
452 3014 577 3070 sind
612 3015 864 3070 dadurch
910 3015 1171 3085 lastiger,
1222 3013 1344 3069 dare

222 3086 304 3140 sie
350 3084 470 3141 sich
517 3086 619 3142 auf
660 3086 770 3140 den
815 3085 1043 3141 edleren
1076 3056 1199 3139 Te’il
1245 3085 1344 3139 des

219 3156 548 3225 Menschen,
598 3155 709 3212 den
745 3156 905 3210 Geist
948 3155 1235 3211 beziehen.
1275 3186 1341 3195 —-

216 3199 1343 3355 ἔῆἴνὲἒᾱαὲᾔῗέξῖἕΐὲιῖἱῗὲἕέᾏέἐξὲ

216 3370 426 3440 haupt,
465 3370 596 3427 teiln
632 3387 744 3425 von
782 3370 882 3424 der
917 3367 1343 3424 Bekfimmernis

218 3441 631 3497 insbesondere.
683 3440 950 3495 Dadurch
978 3441 1201 3496 kommt
1224 3439 1350 3494 hier

217 3511 343 3568 eine
405 3512 641 3580 gewisse
705 3509 1046 3566 Unklarheit
1107 3509 1168 3565 in
1229 3510 1342 3565 den

224 3581 703 3652 Godankengang

291 3669 461 3723 neque
479 3655 609 3722 pati
633 3669 803 3722 ‘neque
827 3654 1053 3722 perpeti.
1092 3650 1349 3707 Ribbeck

217 3725 290 3777 tr.
319 3724 517 3793 fragm.
549 3723 689 3780 Ειιιι.
718 3742 771 3778 v
791 3729 898 3778 360
936 3723 1039 3778 hat
1073 3722 1184 3777 den
1203 3720 1348 3777 Vere

221 3811 285 3850 so
313 3795 689 3879 ,ᾔει-38816111.

221 3867 445 3921 animus
489 3882 646 3936 ασθα-
689 3867 894 3933 semper
943 3871 1117 3931 err‚at
1175 3865 1347 3932 neque

710 3937 837 4005 poti
869 3952 1041 4006 neque
1068 3906 1287 4004 §erpa-1:

213 4009 365 4078 potis
400 4013 504 4075 est,
616 4051 628 4064 .
679 4050 690 4061 .
910 4008 1156 4075 .eupere
1189 4021 1348 4060 num-

214 4151 344 4219 pau'
397 4148 513 4204 und
558 4078 1345 4219 mgagnmzlfssundm

220 4219 328 4276 wie
355 4221 408 4275 II
436 4225 466 4286 ξ
496 4226 564 4275 58
602 4226 653 4276 et
686 4221 829 4287 ferre
862 4225 914 4275 et
940 4219 1171 4289 perpeti.
1243 4217 1347 4273 Die

220 4292 337 4346 albe
374 4291 573 4347 Poesie
609 4291 752 4347 liebt
804 4290 914 4361 den
950 4288 1346 4359 Gleiohklang.

1460 2160 1715 2216 Ribbeck
1760 2162 1865 2217 hat
1890 2165 2034 2231 poti,
2088 2163 2213 2219 eine
2261 2163 2377 2219 alte
2414 2165 2586 2220 Form

1460 2231 1551 2286 fiir
1582 2233 1760 2300 potiri
1795 2233 2178 2303 geschrieben.

1524 2304 1761 2373 probari
1786 2310 1995 2374 potest.-
2044 2311 2109 2362 ut
2155 2306 2301 2362 nach
2328 2307 2586 2377 probari,

1461 2376 1546 2430 als
1582 2376 1775 2430 wiirde
1823 2376 1925 2430 der
1958 2377 2155 2460 Erfolg
2200 2379 2355 2433 einer
2391 2377 2589 2433 Hand-

1458 2447 1622 2516 lung,
1668 2446 1828 2501 nicht
1864 2445 1965 2502 das
2004 2448 2108 2518 obj
2113 2448 2213 2503 ekt
2259 2449 2410 2504 eines
2446 2449 2583 2504 Ver·

1458 2518 1596 2571 bum
1660 2517 1941 2572 sentiendi
2012 2520 2369 2603 angegeben,
2440 2521 2591 2576 setzt

1460 2586 1572 2643 Cic.
1618 2605 1725 2643 nm·
1777 2591 1924 2644 nach
1978 2591 2076 2660 qui
2117 2592 2355 2659 probari

1457 2661 2274 2788 ffoemgztozffimgebeengto
2295 2661 2585 2789 ἑῗὲμΚιειιιιιιῖ

1454 2800 1720 2871 junktion
1754 2807 1834 2857 ut.
1887 2801 1960 2858 de
1994 2798 2087 2859 fin‘.
2128 2803 2179 2856 II
2217 2807 2448 2873 33,108
2485 2806 2587 2873 qui

1458 2873 1521 2927 id
1566 2872 1805 2943 probari
1848 2879 2055 2942 potest,
2109 2880 2175 2929 ut
2225 2876 2276 2929 is
2332 2904 2402 2916 --
2449 2876 2586 2944 plus

1460 2960 1624 3013 quam
1660 2960 1755 3013 eqo
1791 2945 1908 3012 ipse
1942 2946 2196 3014 yaudeat.

1525 3029 1759 3083 corpora
1802 3020 1853 3069 et
1897 3020 2134 3082 natura,
2191 3015 2244 3071 d.
2281 3015 2319 3071 i.
2370 3022 2587 3072 mura

1453 3101 1771 3153 corporum,
1824 3086 1918 3141 ein
1966 3082 2036 3140 ’ἓν
2082 3057 2181 3141 διὰ
2229 3089 2421 3156 δυοῖν,
2479 3088 2584 3143 das

1449 3126 1801 3211 mmentliob
1835 3156 1897 3211 in
1933 3157 2302 3227 Verbindung
2338 3130 2559 3214 mi’tna

1450 3232 1583 3282 tura
1631 3227 1826 3297 hauflg
1878 3228 1969 3284 ist.
2136 3228 2190 3285 S.
2229 3230 2391 3284 Rosc.
2431 3236 2490 3298 4,
2540 3236 2575 3285 3

1450 3302 1663 3353 natura
1704 3299 2002 3368 pudorque.
2041 3247 2147 3355 pde
2196 3300 2306 3371 leg.
2353 3317 2473 3370 agr.
2523 3301 2577 3355 11

1453 3374 1606 3436 6,14
1639 3384 1851 3423 non—
1879 3376 2092 3454 natura
2126 3376 2297 3440 neque
2323 3372 2580 3427 discidio.

1529 3446 1579 3494 6.
1634 3441 1887 3502 omnibus
2190 3443 2430 3509 viribus,
2490 3443 2587 3498 ein

1458 3510 1789 3579 Asyndeton
1824 3512 2121 3567 dei-selben
2155 3514 2261 3567 Art
2295 3513 2404 3568 wie
2441 3514 2469 3569 1
2498 3520 2586 3585 14,

1458 3557 2589 3738 {}v⁸3i³⁰fffssmm“ffi”ffllfffi

1459 3738 1719 3792 equorum
1774 3725 1955 3779 oriem
1995 3727 2201 3794 malvis.
2275 3731 2373 3795 33,
2412 3733 2513 3796 61,
2548 3733 2584 3782 3

1460 3810 1583 3848 cum
1617 3796 1835 3863 magni-3
1869 3797 2087 3863 fletibus
2120 3798 2399 3880 questibus
2434 3799 2585 3869 leyn-

1576 3865 1903 3934 adportant
1928 3868 2211 3935 prosecuti
2244 3873 2392 3923 sunt.

1456 3870 1792 3992 munirier-sa
1825 3938 2040 4006 philos„
2088 3938 2183 3993 die
2215 3938 2587 4011 Philosopbie

1455 4006 1539 4061 im
1566 4006 1960 4075 allgeminen.
2002 4009 2080 4069 IV
2109 4016 2195 4079 27,
2220 4014 2293 4065 53
2321 4027 2586 4068 umen-sa

1446 4078 1814 4147 perturbatio.

1528 4148 2100 4217 Hortenaio,s.z.11
2137 4157 2188 4222 3,
2223 4157 2276 4208 4.

1526 4236 1626 4277 nec
1643 4221 1892 4287 seribere,
1910 4223 2161 4292 gemeint
2173 4193 2306 4279 sind
2323 4229 2583 4282 nement—

1455 4289 1574 4347 lich
1618 4290 1713 4348 die
1757 4290 1838 4346 im
1871 4292 1907 4347 J
1909 4292 2014 4347 abr
2048 4295 2253 4350 voi-her
2298 4297 2586 4366 geschrie-
