2902 4649
323 142 413 206 46
1107 142 1182 196 M.
1220 140 1468 196 TULLII
1504 138 1889 230 CICERONIS

273 325 276 328 ’
323 310 612 382 honorata
660 316 721 370 et
764 307 1015 388 ingloria
1060 308 1179 369 dici
1226 306 1482 388 soleant3
1529 309 1847 386 separatim
1896 316 2095 367 certae
2143 309 2378 370 scholae
2427 317 2569 369 sunt
2603 307 2688 369 de

326 398 533 461 exsilio
580 398 655 459 de
700 399 949 459 interitu
994 400 1219 477 patriae
1267 397 1340 457 de
1389 398 1705 477 servitute,
1766 393 1840 456 de
1897 394 2199 458 debilitate
2254 398 2330 458 de
2377 399 2689 478 caecitate,

325 489 399 549 de
446 489 608 549 omni
654 505 815 569 casu,
857 489 923 547 in
969 504 1087 567 quo
1134 503 1353 547 nomen
1406 486 1551 565 poni
1607 484 1760 547 solet
1805 483 2165 547 calamitatis,
2257 487 2419 548 Haec
2464 486 2688 548 Graeci

323 581 385 638 in
442 576 705 657 singulas
761 575 992 637 scholas
1049 584 1108 637 et
1160 577 1224 636 in
1281 573 1549 654 singulos
1604 573 1792 635 libros
1847 573 2236 657 dispertiunt3
2301 594 2454 657 opus
2517 578 2687 636 enim

234 680 303 730 82
324 673 647 746 quaerunt3
713 683 1070 745 quamquam
1123 664 1335 745 plenae
1395 663 1833 743 disputationes
1889 662 2299 726 delectationis
2354 675 2514 727 sunt.
2600 663 2688 725 Et

323 763 523 816 tamen
582 763 651 815 ut
707 754 924 815 medici
981 761 1107 815 toto
1163 771 1417 832 corpore
1478 752 1743 813 curando
1804 755 2081 813 minimae
2143 757 2321 815 etiam
2377 756 2562 835 parti,
2627 754 2686 814 si

323 843 654 924 condoluit,
709 843 1051 924 medentur,
1107 845 1194 904 sic
1249 840 1621 922 philosophia
1668 859 1806 903 cum
1852 843 2192 904 universam
2238 843 2681 924 aegritudinem

323 933 584 1012 sustulit,
626 936 871 994 sustulit
914 934 1110 1013 etiam,
1157 934 1209 992 si
1256 932 1390 1010 quis
1435 947 1610 991 error
1658 930 1930 991 alicunde
1974 934 2218 1013 exstitit,
2267 936 2320 994 si
2356 939 2684 1012 paupertas

320 1022 659 1102 momordit,
705 1024 759 1083 si
802 1023 1123 1100 ignominia
1167 1021 1449 1100 pupugit,
1510 1021 1563 1080 si
1609 1019 1753 1098 quid
1800 1019 2186 1081 tenebrarum
2243 1020 2477 1083 obfudit
2522 1022 2681 1081 exsi-

319 1111 464 1172 lium
512 1120 616 1172 aut
660 1128 886 1190 eorum,
933 1128 1083 1190 quae
1130 1108 1306 1170 modo
1353 1108 1494 1188 dixi,
1539 1111 1592 1168 si
1639 1108 1781 1188 quid
1829 1111 2084 1189 exstitit3
2142 1112 2255 1170 etsi
2303 1109 2679 1189 singularum

320 1217 524 1261 rerum
580 1208 723 1262 sunt
774 1201 1051 1279 propriae
1108 1196 1571 1277 consolationes»,
1636 1195 1710 1258 de
1767 1195 1985 1276 quibus
2039 1197 2245 1258 audies
2301 1208 2367 1260 tu
2413 1198 2681 1279 quidem,

321 1307 459 1350 cum
503 1288 684 1349 voleS.
779 1287 895 1348 Sed
943 1288 1015 1348 ad
1054 1287 1311 1348 eundem
1356 1285 1585 1346 fontem
1620 1285 2044 1347 revertendum
2081 1295 2190 1367 est,
2234 1287 2678 1367 aegritudinem

321 1395 557 1439 omnem
612 1376 825 1456 procul
878 1376 1088 1437 abesse
1142 1394 1176 1436 a
1231 1377 1527 1455 sapiente,
1592 1375 1752 1454 quod
1807 1377 2001 1435 inanis
2058 1377 2165 1455 sit,
2227 1377 2386 1456 quod
2447 1377 2681 1438 frustra

321 1469 701 1547 suscipiatur,
747 1465 907 1545 quod
955 1484 1073 1527 non
1121 1471 1333 1525 natura
1380 1466 1709 1545 exoriatur,
1768 1463 1874 1524 sed
1910 1464 2167 1545 iudicio,
2224 1465 2328 1526 sed
2375 1467 2681 1547 opinione,

309 1556 427 1616 -sed
484 1556 735 1635 quadam
793 1555 1137 1615 invitatione
1206 1553 1278 1613 ad
1341 1552 1691 1635 dolendum,
1757 1570 1893 1614 cum
1959 1552 2020 1613 id
2084 1553 2530 1636 decreverimus
2592 1555 2683 1615 ita

231 1661 299 1710 83
321 1645 452 1704 fieri
498 1652 794 1724 oportere.
886 1642 1014 1704 Hoc
1059 1642 1354 1723 detracto,
1411 1642 1570 1721 quod
1628 1649 1820 1704 totum
1868 1650 1959 1703 est
2006 1642 2433 1724 voluntarium,
2487 1644 2680 1721 aegri·

319 1733 465 1794 tudo
522 1734 638 1794 erit
694 1731 923 1793 sublata
976 1731 1075 1793 illa
1131 1749 1402 1792 maerens
1411 1779 1430 1811 ,
1495 1748 1733 1792 morsus
1793 1739 1991 1793 tamen
2044 1741 2110 1792 et
2163 1731 2682 1795 contractiuncula

319 1821 608 1901 quaedam
666 1823 849 1882 animi
905 1821 1340 1900 relinquentur.
1431 1819 1598 1881 Hanc
1653 1819 1856 1881 dicant
1910 1837 2052 1881 sane
2107 1822 2470 1903 naturalem,
2531 1821 2681 1881 dum

320 1910 709 1990 aegritudinis
757 1928 973 1971 nomen
1020 1908 1174 1970 absit
1219 1926 1421 1989 grave,
1469 1916 1757 1989 taetrum,
1804 1909 2136 1990 funestum,
2194 1911 2354 1991 quod
2401 1929 2539 1972 cum
2584 1927 2680 1969 sa-

318 2001 543 2079 pientia
591 2018 726 2061 esse
774 2006 978 2081 atque,
1033 2007 1100 2060 ut
1143 1999 1228 2058 ita
1274 1998 1528 2077 dicam,
1554 1997 1821 2060 habitare
1870 1997 2033 2060 nullo
2080 1999 2257 2060 modo
2302 2003 2507 2080 possit.
2597 1998 2682 2059 At

321 2107 474 2168 quae
521 2091 741 2168 stupes
787 2096 930 2149 sunt
973 2086 1390 2168 aegritudinis„
1448 2105 1626 2166 quam
1671 2087 1918 2168 multae,
1977 2106 2155 2167 quam
2201 2088 2460 2150 amarae!
2522 2106 2680 2167 quae

317 2180 448 2258 ipso
497 2185 713 2239 trunco
761 2195 969 2238 everso
1015 2194 1224 2237 omnes
1272 2176 1576 2256 eligendae
1624 2184 1767 2238 sunt
1811 2184 1900 2258 et,
1955 2180 2008 2237 si
2063 2196 2310 2239 necesse
2358 2180 2497 2259 erit,
2555 2179 2678 2238 sin-

319 2267 473 2347 gulis
533 2265 1052 2347 disputationibus.
1147 2264 1438 2345 Superest
1498 2268 1655 2327 enim
1713 2264 1887 2327 nobis
1939 2265 2081 2347 hoc,
2147 2267 2507 2330 cuicuimodi
2563 2274 2678 2349 est,

319 2359 521 2418 otium.
618 2356 735 2416 Sed
792 2358 942 2439 ratip
998 2373 1116 2461 una
1173 2357 1437 2416 omnium
1505 2363 1596 2417 est
1653 2355 2119 2437 aegritudinum,
2178 2357 2350 2436 plura
2406 2360 2687 2438 nomina3

390 2545 533 2615 Kap.
571 2543 670 2601 34.
726 2545 955 2611 scholae,
992 2563 1034 2598 s.
1073 2545 1186 2613 14,
1224 2550 1273 2598 7.

319 2632 648 2742 sieozsshen
674 2634 890 2756 ffrbeit,
927 2621 1035 2742 zsss’it
1053 2586 1440 2742 ῗιθιξιλῗξέἔιοιιι-

318 2759 429 2813 den
453 2758 797 2826 Nebensinn,
834 2757 957 2812 dass
994 2759 1075 2813 sie
1113 2774 1172 2813 es
1207 2775 1306 2811 um
1341 2757 1439 2812 des

319 2829 704 2884 Gelderwerbs
739 2801 931 2883 w'illen
966 2830 1125 2884 thun.

389 2905 473 2954 82.
514 2900 597 2955 Et
631 2906 829 2956 tamen.
884 2901 1012 2955 Wie
1050 2899 1150 2981 die·
1178 2899 1440 2968 Medicin‚

318 2970 507 3025 indem
563 2972 645 3026 sie
702 2971 812 3025 den
861 2972 1077 3040 Korper
1133 2971 1212 3024 im
1266 2970 1440 3053 allge-

312 3040 828 3183 sssstzezinffiff
844 3042 1165 3178 Τὲῗῗὲήι,
1183 3041 1442 3167 Ζὲῗὲῖῗ

312 3132 410 3239 die
473 3182 868 3253 Philosophie,
940 3183 1129 3238 indem
1204 3183 1285 3238 sie
1349 3182 1440 3237 die

317 3254 744 3310 Bekummernis
778 3255 858 3308 im
904 3252 1282 3324 allgemeinen
1318 3254 1439 3309 anf·

319 3327 473 3395 heht,
510 3325 766 3396 zugleich
808 3327 940 3396 jede
987 3325 1295 3381 besondere
1334 3325 1443 3379 Art

319 3398 419 3452 der
479 3396 904 3452 Bekiimmernis
966 3396 1078 3453 anf.
1171 3396 1278 3451 Mit
1339 3398 1439 3451 etsi

315 3468 457 3523 wird
493 3469 610 3523 dies
647 3469 857 3536 Urtess,
904 3468 1170 3523 wodurch
1216 3467 1306 3522 die
1342 3467 1438 3522 be-

315 3540 588 3595 sonderen
633 3539 911 3609 Vortrtige
964 3540 1055 3593 fiir
1108 3539 1440 3608 fiberfliissig

207 3620 212 3625 ’
317 3611 529 3665 θιιιὶᾶιι
565 3611 819 3676 werden,
858 3610 1212 3665 beschritnkt.
1286 3610 1437 3665 Hau-

315 3681 454 3751 figer
499 3679 639 3734 wird
683 3680 744 3733 in
793 3653 975 3736 dieser
1018 3681 1206 3736 Weise
1252 3699 1438 3750 quam-

315 3769 480 3822 quam
516 3752 852 3821 gebraucht,
890 3744 1024 3806 abe'r
1061 3759 1301 3819 s.8,17
1339 3754 1440 3807 etsi

314 3825 414 3878 hoc
458 3824 674 3892 quidem
722 3839 997 3878 commemo·
1040 3829 1118 3877 eat
1152 3825 1433 3879 virtutum.

387 3895 439 3949 si
467 3925 533 3934 -—
562 3910 715 3948 error
742 3895 997 3948 alicwndc
1024 3896 1250 3962 exstitit,
1276 3911 1438 3951 wenn

317 3965 407 4020 die
454 3965 669 4019 falsehe
705 3964 1094 4035 Vorstellung,
1141 3965 1262 4019 dass
1308 3982 1440 4021 man

317 4036 482 4092 sich
465 4054 544 4090 ιιιι
564 4036 825 4106 Ungliick
852 4036 1091 4105 befinde,
1112 4053 1212 4092 aus
1240 4037 1437 4108 irgend

317 4107 499 4162 einem
538 4106 762 4162 Grande
800 4109 1066 4163 entsteht.

379 4180 646 4248 pupuyit,
683 4197 725 4233 s.
765 4179 816 4231 II
858 4184 938 4245 14,
978 4185 1063 4234 33.

386 4251 730 4305 tenebrarum
777 4251 1020 4318 obfudit,
1078 4250 1200 4305 hier
1251 4251 1436 4306 ‘triibe

317 4321 636 4391 Stimmung
672 4321 952 4377 bereitet’.

1618 2544 1841 2611 fontem,
1871 2545 1973 2599 das
1999 2545 2248 2615 Princip,
2282 2561 2395 2601 von
2424 2545 2550 2600 dem
2577 2545 2676 2600 die

1549 2613 1840 2669 einzelnen
1878 2616 2040 2670 Satze
2086 2615 2397 2700 abgeleitet
2430 2616 2675 2672 werden.

1619 2687 1974 2754 invitatione,
2021 2704 2063 2741 s,
2102 2693 2196 2755 30,
2238 2693 2304 2741 73
2351 2688 2463 2757 ipsi
2505 2703 2562 2743 ac
2594 2689 2679 2743 ad
2718 2734 2723 2739 ,

1548 2758 1826 2813 miseriam
1860 2759 2122 2813 invitant.

1621 2851 1705 2900 83.
1756 2848 2257 2902 contractiuncula:
2301 2847 2417 2919 vgl.
2457 2846 2535 2901 IV
2581 2853 2676 2915 31,

1549 2922 1616 2971 66
1674 2918 1737 2971 iu
1791 2918 1975 2972 dolore
2028 2920 2344 2973 contradic.
2384 2949 2449 2958 —
2499 2918 2678 2974 Hauc

1548 2987 1773 3042 bezieht
1843 2988 1960 3043 sich
2034 2989 2136 3043 auf
2192 2991 2675 3045 contractiuncula

1550 3058 1739 3128 allein,
1767 3059 1898 3113 weil
1926 3059 2007 3114 sie
2036 3061 2126 3115 die
2156 3060 2440 3115 dauernde
2466 3061 2572 3130 Eig
2573 3076 2677 3115 en-

1549 3102 1739 3184 schaft’
1780 3130 1880 3185 der
1926 3130 2083 3185 Seele
2131 3132 2462 3200 &madi-fich,
2516 3131 2678 3186 weh-

1547 3200 1686 3255 rend
1724 3200 1821 3256 der
1845 3200 2037 3256 Plural
2072 3219 2285 3258 morsus
2311 3175 2472 3258 mehi-
2497 3204 2677 3258 etwas

1549 3271 2085 3342 Voriibergehendes
2120 3274 2466 3329 bezeichnet.

1620 3343 1895 3409 habitare,
1940 3344 2106 3398 Hand
2150 3345 2212 3399 ιιι
2257 3346 2425 3400 Hand
2470 3345 2676 3417 gehen,

1547 3414 1766 3468 vereint
1803 3415 1940 3470 sein.
1996 3414 2126 3486 Vgl.
2164 3417 2212 3470 V
2253 3422 2283 3483 5
2322 3423 2392 3472 64
2429 3434 2549 3471 cum
2583 3417 2680 3472 his

1547 3487 1697 3540 curis
1732 3487 2066 3540 habitantem
2103 3519 2171 3527 —
2210 3490 2472 3543 animum.

1618 3575 1913 3644 eliye‘ndae,
1932 3576 2357 3647 herauszupfen,
2385 3576 2675 3647 anajatem

1510 3645 1605 3699 ⁴in
1669 3646 1949 3715 gleichem
2005 3646 2174 3701 Sinne
2228 3648 2309 3703 III
2364 3653 2394 3715 5
2435 3654 2499 3703 13
2553 3664 2676 3704 uon

1542 3717 1719 3772 solum
1766 3734 1947 3772 ramos
1990 3724 2278 3787 amputare
2322 3720 2677 3775 miseriarum

1544 3789 1637 3842 sed
1686 3804 1866 3844 omues
1914 3790 2168 3844 radicum
2215 3791 2388 3857 fibras
2438 3791 2674 3848 evellere.

1545 3860 1742 3929 stirpes
1776 3859 1854 3914 ist
1889 3860 2010 3914 hier
2047 3886 2115 3906 =
2153 3863 2385 3917 radices.

1616 3950 1715 4004 hoc
1769 3951 1969 4016 otium,
2029 3949 2144 4005 ‘die
2199 3950 2377 4006 Musae
2432 3951 2671 4007 hierzu'.

1548 4020 1601 4077 S.
1640 4039 1685 4074 z.
1724 4022 1751 4074 I
1791 4027 1873 4089 19,
1913 4026 1983 4075 45
2019 4021 2151 4077 haec
2177 4023 2555 4091 pulchritudo:

1617 4111 1949 4165 cuicuimodi
1984 4117 2076 4166 cst.
2133 4111 2328 4167 Dieser
2364 4111 2538 4166 durch
2573 4111 2674 4167 die

1544 4182 1897 4251 Aussprache
1924 4182 2271 4238 verdorbene
2290 4182 2527 4238 Genetiv
2554 4198 2673 4238 von

1544 4255 1791 4322 quisquis
1827 4254 2004 4308 findet
2039 4255 2159 4310 sich
2188 4273 2292 4308 nur
2317 4254 2378 4309 in
2405 4255 2502 4309 der
2528 4252 2673 4309 Ver-

1542 4324 1797 4396 bindung
1832 4324 1939 4380 mit
1973 4327 2137 4382 modi.
