2902 4649
314 120 402 187 50
1104 119 1181 175 M.
1221 119 1468 175 TULLII
1504 118 1887 175 CICERONIS

309 290 413 368 qui
479 290 720 349 omnino
776 291 986 349 viverev
1042 287 1321 367 expedire
1385 289 1612 348 nemini
1674 295 1861 366 putat.
1951 285 2120 347 Mitto
2176 284 2349 350 alios:
2413 287 2682 355 etiamne

309 377 483 439 nobis
529 373 811 456 expedit?
857 379 963 456 qui
1010 385 1070 438 et
1117 376 1463 437 domesticis
1509 385 1570 437 et
1616 375 1958 436 forensibus
2005 375 2238 435 solaciis
2276 375 2674 434 ornamentis·

310 484 426 546 que
473 468 688 546 privati
744 475 906 527 certe
965 468 1018 526 si
1073 474 1212 526 ante
1261 464 1716 546 occidissemus,
1771 482 1935 524 mors
1982 482 2091 525 nos
2139 482 2172 523 a
2219 462 2415 542 malis,
2470 480 2592 523 non
2639 481 2677 522 a

203 599 291 665 35
311 553 484 616 bonis
531 554 931 616 abstraxisset.

128 652 157 677 ²1
224 675 293 726 85
495 643 583 704 Sit
642 646 826 723 igitur
887 643 1125 724 aliquis,
1192 645 1295 722 qui
1356 642 1503 702 nihil
1563 641 1699 703 mali
1758 641 2002 721 habeat,
2059 588 2281 721 nullffm
2339 660 2372 702 a
2431 641 2676 702 fortuna

312 732 521 793 volnus
577 734 892 812 acceperit.
984 731 1257 793 Metellus
1311 731 1409 791 ille
1467 731 1772 791 honoratis
1829 739 2110 808 quattuor
2165 731 2327 811 filiis,
2385 738 2443 790 at
2501 732 2672 808 quin·

311 824 590 900 quaginta
628 819 919 902 PriamuS,
966 839 998 881 6
1039 820 1256 900 quibus
1296 820 1720 900 septemdecim
1757 822 1914 881 iusta
1951 837 2137 879 uxore
2178 822 2357 880 natis:
2407 821 2469 878 in
2508 826 2673 879 utro-

311 928 428 989 que
495 909 756 973 eandem
806 909 1016 971 habuit
1079 911 1318 970 fortuna
1380 916 1765 988 potestatem,
1832 908 1935 969 sed
2001 926 2109 969 usa
2172 910 2233 967 in
2300 908 2485 969 altero
2552 915 2678 988 est3

309 997 614 1058 Metellum
661 1001 821 1060 enim
867 997 1041 1059 multi
1086 998 1191 1059 filii
1237 998 1417 1078 filiae,
1478 1004 1727 1076 nepotes
1783 1005 1993 1078 neptes
2029 999 2102 1057 in
2149 1015 2360 1075 rogum
2408 999 2674 1075 imposu-

311 1095 505 1167 erunt,
551 1087 853 1148 Priamum
902 1095 1062 1148 tanta
1108 1089 1392 1167 progenie
1441 1085 1735 1166 orbatum,
1784 1104 1921 1147 cum
1967 1088 2028 1146 in
2076 1104 2238 1146 aram
2285 1086 2678 1169 confugisset,

310 1175 542 1236 hostilis
573 1194 784 1236 manus
820 1177 1141 1237 interemit.
1197 1175 1307 1237 Hic
1347 1178 1399 1236 si
1427 1178 1579 1235 vivis
1615 1175 1749 1235 filiis
1786 1174 2071 1235 incolumi
2108 1192 2294 1253 regno
2333 1175 2678 1259 occidisset,

1042 1329 1055 1341 .
1088 1329 1101 1342 .
1149 1289 1390 1343 astante
1435 1300 1550 1358 ope
1591 1280 1951 1356 barbarica,

952 1368 1126 1432 tectis
1171 1374 1445 1445 caelatis,
1497 1369 1814 1446 laqueatis

309 1487 512 1538 utrum
566 1477 815 1538 tandem
880 1496 913 1537 a
971 1475 1144 1537 bonis
1209 1494 1283 1537 an
1344 1495 1376 1536 a
1432 1476 1602 1537 malis
1668 1473 2085 1537 discessisset?
2179 1475 2333 1538 Tum
2397 1479 2671 1558 profecto

308 1566 613 1626 videretur
658 1583 692 1626 a
737 1564 927 1626 bonis,
1019 1566 1095 1627 At
1141 1574 1315 1631 certe¹
1353 1567 1411 1626 ei
1467 1565 1680 1626 melius
1727 1568 2022 1627 evenisset
2068 1584 2179 1626 nec
2226 1574 2345 1627 tam
2391 1567 2673 1630 flebiliter

308 1653 405 1715 illa
454 1663 838 1716 canerentur:

951 1747 1106 1806 haec
1153 1744 1356 1806 omnia
1401 1747 1530 1804 vidi
1574 1741 1961 1819 inflammari,
2449 1782 2484 1805 η

953 1834 1202 1895 Priamo'
1248 1836 1312 1892 vi
1353 1836 1545 1893 vitam
1590 1830 1829 1908 evitari,
2415 1812 2444 1847 a

953 1924 1114 1983 Iovis
1160 1920 1338 1982 aram
1384 1924 1688 1997 sanquine
1734 1921 1995 1999 turpari.
2381 1852 2473 1987 (Ι)

313 2028 498 2100 Quasi
534 2047 676 2088 vero
713 2030 827 2089 ista
862 2031 920 2089 vi
959 2031 1276 2108 quicquam
1314 2035 1443 2089 tum
1480 2031 1747 2108 potuerit
1784 2031 1840 2089 ei
1878 2029 2091 2090 melius
2129 2030 2418 2092 accidere.
2493 2030 2669 2101 Quod

313 2120 363 2178 si
425 2125 561 2179 ante
624 2117 969 2198 occidisset,
1029 2118 1204 2179 talem
1269 2125 1548 2178 eventum
1608 2120 1849 2178 omnino
1911 2121 2233 2180 amisisset:
2291 2119 2405 2179 hoc
2466 2127 2669 2180 autem

223 2217 292 2266 86
314 2214 582 2286 tempore
642 2225 883 2267 sensum
931 2208 1126 2267 amisit
1171 2207 1480 2267 malorum.
1573 2206 1873 2285 Pompeio,
1921 2215 2127 2268 nostro
2177 2206 2472 2288 familiari,
2528 2226 2669 2269 cum

310 2298 570 2375 graviter
608 2304 942 2375 aegrotaret
983 2294 1248 2378 Neapoli,
1286 2296 1499 2358 melius
1539 2303 1630 2357 est
1669 2295 1905 2357 factum.
1981 2295 2260 2358 Coronati
2295 2296 2669 2378 Neapolitani

380 2450 710 2515 domesticis,
755 2449 979 2503 bezieht
1025 2450 1145 2504 sich
1193 2448 1293 2503 auf
1327 2450 1436 2504 den

310 2522 434 2576 Tod.
470 2521 568 2575 der
604 2519 807 2574 Tullia.

380 2593 478 2661 qui
513 2598 564 2646 et
598 2592 902 2647 domesticis
939 2622 1005 2631 —-
1044 2592 1434 2647 abstraxisset:

311 2663 409 2717 der
447 2663 576 2719 Satz
622 2663 801 2718 leidet
844 2680 919 2717 an
969 2662 1124 2719 einer
1159 2662 1435 2733 gewissen

310 2733 770 2804 Nachfflssigkeit
808 2733 925 2789 und
961 2733 1433 2804 Ungenauigkeit,

310 2805 458 2860 denn
504 2806 720 2860 sowohl
772 2806 873 2859 das
908 2805 1279 2875 Participium
1307 2807 1431 2874 pri·

308 2877 445 2941 vati,
482 2876 566 2930 als
594 2876 693 2931 das
723 2876 948 2931 Adverb
976 2882 1113 2930 certe
1139 2877 1217 2929 ist
1243 2894 1429 2945 gram-

310 2946 552 3000 mat-,isch
615 2948 722 3000 mit
785 2947 913 3001 dem
967 2946 1318 3002 Nebensatze
1381 2949 1432 3001 si

1543 2480 1613 2489 —
1643 2466 1765 2503 cum
1802 2451 1918 2517 ipse
1955 2452 2147 2505 cousul
2159 2493 2176 2517 ,
2226 2466 2412 2505 censor
2425 2491 2443 2518 ,
2482 2467 2674 2520 auqur

1541 2519 1738 2585 fuisset
1792 2526 1842 2575 et
1895 2523 2296 2590 triumphasset.
2382 2523 2672 2577 honoratis

1543 2623 1612 2633 -
1657 2593 1793 2658 filiis
1845 2592 1924 2645 ist
1980 2592 2087 2647 wie
2142 2594 2233 2647 ein
2278 2593 2513 2649 Ablativ
2568 2592 2672 2648 der

1542 2661 1909 2733 Eigenschaft
1942 2663 2264 2719 behandelt.

1613 2752 1995 2820 septemdecim.
2056 2751 2159 2805 Bei
2195 2752 2359 2807 Hom.
2387 2751 2452 2807 ΙΙ.
2480 2752 2670 2808 XXIV

1542 2828 1648 2877 496
1677 2825 1807 2893 sagi·-
1826 2822 2085 2878 Priamus
2113 2819 2528 2878 ἐννεακαίδεκα
2556 2824 2667 2894 μέν

1542 2912 1637 2962 μοι
1676 2892 1765 2959 ἰῆς
1802 2889 1867 2947 ἐκ
1903 2892 2114 2962 νηδύος
2150 2884 2298 2962 ἦσαν
2336 2897 2439 2950 cet.

1610 2965 1676 3019 iu
1712 2982 1897 3019 aram.-
1935 2981 1979 3020 s.
2018 2965 2185 3036 Vei-g.
2224 2965 2362 3019 Aen.
2401 2965 2455 3019 11
2491 2971 2596 3021 513
2624 2966 2666 3020 f.

311 3023 438 3072 aute
475 3018 851 3072 occidissemus
886 3017 1234 3084 verbunden,
1277 3019 1427 3072 with-

311 3088 450 3143 rend
486 3104 544 3142 es
580 3087 800 3157 logisch
836 3106 903 3141 zu
931 3088 1059 3142 dem
1089 3088 1431 3157 Hauptsatze

309 3175 453 3215 mors
487 3174 587 3213 uos
623 3159 982 3214 abstraxisset
1015 3160 1232 3228 gehort.

379 3231 522 3300 Kap.
552 3228 650 3284 35.
689 3233 777 3285 85.
815 3229 905 3284 Sit
938 3231 1128 3299 iyitur.
1182 3230 1294 3284 Der
1321 3229 1428 3285 Ge-

311 3302 520 3366 danke,
559 3301 659 3355 der
694 3300 870 3355 durch
906 3301 997 3355 die
1037 3299 1312 3369 Beispiele
1350 3317 1432 3354 er-

309 3374 521 3427 lautert
580 3372 808 3427 werden
873 3371 1007 3439 soll,
1043 3371 1170 3426 ist:
1247 3371 1432 3426 Wenn

309 3444 456 3498 auch
521 3444 623 3496 das
687 3442 968 3526 Ggeschiclz
1032 3441 1184 3497 scine
1239 3442 1435 3497 Macht

309 3530 493 3666 {52³2ss
530 3514 1430 3653 {tamt3213313'12121303224033

311 3673 373 3710 er
435 3672 635 3708 immet
698 3656 864 3709 unter
931 3656 1029 3709 der
1083 3656 1279 3710 Macht
1331 3656 1430 3711 des

312 3725 556 3781 Glfickes
630 3726 782 3781 steht
852 3726 970 3779 und
1031 3727 1139 3781 den
1206 3727 1432 3782 Verlust

301 3798 571 3852 ,ἰὼ-6111611
606 3795 770 3852 muse.

386 3869 450 3939 Q.
507 3866 780 3923 Caecilius
846 3868 1104 3922 Metellus
1169 3869 1430 3924 Macedo·

310 3942 489 4006 uicus,
525 3939 624 3994 der
657 3938 807 3994 nach
842 3937 1159 4009 Besiegung
1195 3940 1292 3993 des
1320 3940 1431 3995 An·

312 4011 550 4076 driscus,
623 4009 866 4065 welcher
929 4009 1051 4064 sich
1113 4009 1204 4063 fiir
1267 4010 1433 4065 einen

314 4081 468 4137 Sohn
539 4081 638 4135 des
702 4082 937 4138 Perseus
1010 4081 1252 4150 maagal),
1329 4087 1430 4136 146

311 4152 724 4222 triumphierte.
800 4153 869 4208 de
896 4150 990 4206 fin.
1023 4152 1071 4206 V
1101 4158 1188 4220 27,
1218 4157 1286 4207 82
1324 4158 1432 4207 tres

311 4224 457 4292 filios
492 4224 734 4279 consules
768 4225 928 4290 vidit,
967 4240 994 4277 e
1028 4224 1227 4293 quibus
1258 4241 1432 4278 unum

308 4297 478 4349 etiam
513 4301 560 4350 et
598 4311 865 4350 censorem
906 4301 954 4349 et
989 4295 1432 4363 triumphantem,

1610 3058 1852 3108 astante.-
1917 3055 2205 3121 Anapaste
2269 3071 2369 3108 aus
2430 3053 2661 3108 Ennius’

1538 3124 1929 3179 Andromache
1968 3125 2353 3180 aechmalotis.
2433 3124 2670 3195 vg1.111

1543 3200 1634 3262 19,
1685 3200 1781 3263 44,
1828 3212 1916 3250 wo
1965 3194 2055 3249 die
2092 3194 2266 3251 Verse
2312 3196 2391 3250 im
2440 3196 2668 3251 Zusam-
2741 3213 2754 3221 ·

1542 3266 1860 3335 menhange
1914 3267 2127 3321 stehen.
2203 3283 2328 3336 ope,
2384 3267 2511 3322 hier
2553 3283 2668 3323 von

1542 3336 1642 3391 der
1698 3336 2201 3407 Menschenmenge
2257 3341 2472 3408 gesagt.
2547 3355 2666 3394 cac-

1542 3408 1881 3533 lgtuosrglczgzg
1912 3408 2036 3463 hier
2072 3407 2132 3462 in
2166 3410 2453 3464 weiterem
2491 3410 2665 3465 Sinne

1611 3568 1880 3622 amisisset
1907 3567 1982 3621 ist
2009 3568 2116 3622 mit
2142 3569 2324 3624 einem
2353 3568 2671 3638 Wortspiel

1538 3653 1736 3709 wegen
1787 3638 1884 3693 des
1929 3639 2230 3709 folgenden
2266 3656 2482 3695 sensum
2529 3642 2669 3696 ami-

1538 3710 1614 3764 sit
1640 3711 1866 3779 gesagt3
1909 3710 2008 3764 wir
2034 3711 2261 3765 kc'innen
2290 3728 2347 3766 es
2375 3711 2481 3765 mit
2520 3711 2670 3765 ‘ent—

1538 3780 1706 3835 riickt
1768 3781 2013 3835 werden'
2079 3783 2422 3837 iibersetzen.
2528 3781 2667 3838 Sall.

1539 3850 1574 3904 J
1579 3869 1668 3922 ug.
1712 3858 1794 3918 14,
1824 3858 1893 3907 23
1938 3869 2052 3907 non
2095 3854 2240 3907 euim
2273 3870 2529 3923 regnum,
2573 3854 2671 3908 sed

1540 3923 1730 3992 fuyam
1780 3924 2010 3978 exilium
2060 3929 2339 3993 eye-statem
2389 3930 2440 3979 et
2489 3926 2669 3979 omnis

1539 3994 1667 4059 has,
1720 4011 1860 4063 quae
1910 4012 1994 4048 me
2026 4001 2316 4063 premunt,
2371 4012 2668 4052 aerumnas

1541 4082 1664 4131 eum
1699 4066 1891 4121 anima
1925 4067 2092 4120 simul
2128 4067 2378 4122 amisisti.

1612 4159 1696 4209 86.
1736 4155 1927 4209 melius
1972 4158 2050 4209 est
2091 4155 2304 4221 factum
2350 4179 2419 4201 -=-
2465 4171 2667 4210 couva-

1540 4226 1660 4279 luit.
1735 4224 1841 4279 Die
1896 4224 2211 4281 Krankheit
2263 4226 2393 4280 faut
2446 4224 2508 4280 in
2563 4226 2667 4281 das

1540 4296 1681 4350 Jahr
1718 4299 1806 4352 50.
