<?xml version="1.0" encoding="UTF-8"?>
<!DOCTYPE html PUBLIC "-//W3C//DTD XHTML 1.0 Transitional//EN"
    "http://www.w3.org/TR/xhtml1/DTD/xhtml1-transitional.dtd">
<html xmlns="http://www.w3.org/1999/xhtml" xml:lang="en" lang="en">
 <head>
  <title>
</title>
<meta http-equiv="Content-Type" content="text/html;charset=utf-8" />
  <meta name='ocr-system' content='tesseract 3.04.00' />
  <meta name='ocr-capabilities' content='ocr_page ocr_carea ocr_par ocr_line ocrx_word'/>
</head>
<body>
  <div class='ocr_page' id='page_1' title='image "./ciceronistuscul00heingoog_0294.png"; bbox 0 0 2902 4649; ppageno 0'>
   <div class='ocr_carea' id='block_1_1' title="bbox 390 141 1996 209">
    <p class='ocr_par' dir='ltr' id='par_1_1' title="bbox 390 141 1996 209">
     <span class='ocr_line' id='line_1_1' title="bbox 390 141 1996 209; baseline -0.006 -2"><span class='ocrx_word' id='word_1_1' title='bbox 390 144 518 209; x_wconf 83' lang='lat'><strong><em>158</em></strong></span> <span class='ocrx_word' id='word_1_2' title='bbox 1129 141 1996 199; x_wconf 59' lang='lat' dir='ltr'>STELLENWERZEICHNIS.</span> 
     </span>
    </p>
   </div>
   <div class='ocr_carea' id='block_1_2' title="bbox 1391 345 1755 406">
    <p class='ocr_par' dir='ltr' id='par_1_2' title="bbox 1391 345 1755 406">
     <span class='ocr_line' id='line_1_2' title="bbox 1391 345 1755 406; baseline -0.003 -2"><span class='ocrx_word' id='word_1_3' title='bbox 1391 346 1468 405; x_wconf 92' lang='lat' dir='ltr'><strong><em>II.</em></strong></span> <span class='ocrx_word' id='word_1_4' title='bbox 1515 345 1755 406; x_wconf 88' lang='lat' dir='ltr'><strong><em>Buch.</em></strong></span> 
     </span>
    </p>
   </div>
   <div class='ocr_carea' id='block_1_3' title="bbox 387 450 2760 617">
    <p class='ocr_par' dir='ltr' id='par_1_3' title="bbox 387 450 2760 617">
     <span class='ocr_line' id='line_1_3' title="bbox 568 450 2759 528; baseline 0 -15"><span class='ocrx_word' id='word_1_5' title='bbox 568 450 607 528; x_wconf 70' lang='grc' dir='ltr'>ἓ</span> <span class='ocrx_word' id='word_1_6' title='bbox 653 455 751 512; x_wconf 99' lang='lat'><strong><em>14.</em></strong></span> <span class='ocrx_word' id='word_1_7' title='bbox 799 454 863 513; x_wconf 89' lang='lat' dir='ltr'><strong><em>id</em></strong></span> <span class='ocrx_word' id='word_1_8' title='bbox 907 454 1092 512; x_wconf 77' lang='lat' dir='ltr'><strong><em>dicere</em></strong></span> <span class='ocrx_word' id='word_1_9' title='bbox 1138 454 1394 526; x_wconf 79' lang='lat' dir='ltr'><strong><em>equidem</em></strong></span> <span class='ocrx_word' id='word_1_10' title='bbox 1439 450 1622 510; x_wconf 83' lang='lat' dir='ltr'>Halm</span> <span class='ocrx_word' id='word_1_11' title='bbox 1663 483 1745 493; x_wconf 90' lang='lat'>—</span> <span class='ocrx_word' id='word_1_12' title='bbox 1783 454 1847 511; x_wconf 87' lang='lat' dir='ltr'><strong><em>id</em></strong></span> <span class='ocrx_word' id='word_1_13' title='bbox 1891 454 2078 512; x_wconf 80' lang='lat' dir='ltr'><strong><em>dicere</em></strong></span> <span class='ocrx_word' id='word_1_14' title='bbox 2122 455 2367 527; x_wconf 79' lang='lat' dir='ltr'><strong><em>quidem.</em></strong></span> <span class='ocrx_word' id='word_1_15' title='bbox 2454 456 2483 511; x_wconf 93' lang='lat'>1</span> <span class='ocrx_word' id='word_1_16' title='bbox 2498 457 2554 513; x_wconf 84' lang='lat'><strong><em>7.</em></strong></span> <span class='ocrx_word' id='word_1_17' title='bbox 2590 454 2759 513; x_wconf 85' lang='lat' dir='ltr'><strong><em>Her·-</em></strong></span> 
     </span>
     <span class='ocr_line' id='line_1_4' title="bbox 387 538 2760 617; baseline -0.001 -15"><span class='ocrx_word' id='word_1_18' title='bbox 387 544 509 602; x_wconf 91' lang='lat' dir='ltr'><strong><em>cule</em></strong></span> <span class='ocrx_word' id='word_1_19' title='bbox 563 544 743 617; x_wconf 76' lang='lat' dir='ltr'><strong><em>diqna</em></strong></span> <span class='ocrx_word' id='word_1_20' title='bbox 792 573 869 583; x_wconf 91' lang='lat'><strong>—</strong></span> <span class='ocrx_word' id='word_1_21' title='bbox 929 538 1252 616; x_wconf 78' lang='lat' dir='ltr'><strong><em>[Hercule]</em></strong></span> <span class='ocrx_word' id='word_1_22' title='bbox 1316 543 1512 616; x_wconf 75' lang='lat' dir='ltr'><strong><em>diyna.</em></strong></span> <span class='ocrx_word' id='word_1_23' title='bbox 1626 543 1722 600; x_wconf 90' lang='lat'><strong><em>19.</em></strong></span> <span class='ocrx_word' id='word_1_24' title='bbox 1781 543 1879 614; x_wconf 79' lang='lat' dir='ltr'><strong><em>qui</em></strong></span> <span class='ocrx_word' id='word_1_25' title='bbox 1941 543 2115 601; x_wconf 79' lang='lat' dir='ltr'><strong><em>salsis</em></strong></span> <span class='ocrx_word' id='word_1_26' title='bbox 2169 542 2422 602; x_wconf 84' lang='lat' dir='ltr'><strong><em>Hdschr.</em></strong></span> <span class='ocrx_word' id='word_1_27' title='bbox 2480 573 2565 583; x_wconf 95' lang='lat'><strong>—</strong></span> <span class='ocrx_word' id='word_1_28' title='bbox 2616 545 2760 615; x_wconf 70' lang='lat' dir='ltr'><strong><em>quis</em></strong></span> 
     </span>
    </p>
   </div>
   <div class='ocr_carea' id='block_1_4' title="bbox 385 628 2758 882">
    <p class='ocr_par' dir='ltr' id='par_1_4' title="bbox 385 628 2758 882">
     <span class='ocr_line' id='line_1_5' title="bbox 387 628 2756 729; baseline -0 -38"><span class='ocrx_word' id='word_1_29' title='bbox 387 633 576 691; x_wconf 80' lang='lat' dir='ltr'><strong><em>salsis.</em></strong></span> <span class='ocrx_word' id='word_1_30' title='bbox 683 632 784 690; x_wconf 85' lang='lat'><strong><em>20.</em></strong></span> <span class='ocrx_word' id='word_1_31' title='bbox 832 631 1009 691; x_wconf 90' lang='lat' dir='ltr'><strong><em>latere</em></strong></span> <span class='ocrx_word' id='word_1_32' title='bbox 1060 631 1367 689; x_wconf 73' lang='lat' dir='ltr'><strong><em>inhaerens</em></strong></span> <span class='ocrx_word' id='word_1_33' title='bbox 1421 628 1676 689; x_wconf 80' lang='lat' dir='ltr'><strong><em>Hdschr.</em></strong></span> <span class='ocrx_word' id='word_1_34' title='bbox 1732 660 1821 669; x_wconf 94' lang='lat'><strong>—</strong></span> <span class='ocrx_word' id='word_1_35' title='bbox 1877 630 2047 690; x_wconf 89' lang='lat' dir='ltr'><strong><em>lateri</em></strong></span> <span class='ocrx_word' id='word_1_36' title='bbox 2100 631 2423 690; x_wconf 73' lang='lat' dir='ltr'><strong><em>inhaerens.</em></strong></span> <span class='ocrx_word' id='word_1_37' title='bbox 2491 632 2756 729; x_wconf 80' lang='lat' dir='ltr'><strong><em>feminae</em></strong></span> 
     </span>
     <span class='ocr_line' id='line_1_6' title="bbox 385 718 2758 796; baseline 0 -17"><span class='ocrx_word' id='word_1_38' title='bbox 385 722 479 779; x_wconf 82' lang='lat' dir='ltr'><strong><em>vir</em></strong></span> <span class='ocrx_word' id='word_1_39' title='bbox 524 718 899 796; x_wconf 81' lang='lat' dir='ltr'><strong><em>Wesenberg</em></strong></span> <span class='ocrx_word' id='word_1_40' title='bbox 944 750 1060 776; x_wconf 87' lang='lat'><strong><em>—.</em></strong></span> <span class='ocrx_word' id='word_1_41' title='bbox 1086 720 1339 791; x_wconf 82' lang='lat' dir='ltr'><strong><em>feminea</em></strong></span> <span class='ocrx_word' id='word_1_42' title='bbox 1390 720 1501 777; x_wconf 88' lang='lat' dir='ltr'><strong><em>vir.</em></strong></span> <span class='ocrx_word' id='word_1_43' title='bbox 1572 735 1645 777; x_wconf 92' lang='lat' dir='ltr'><strong><em>ne</em></strong></span> <span class='ocrx_word' id='word_1_44' title='bbox 1695 735 1786 777; x_wconf 89' lang='lat' dir='ltr'><strong><em>mc</em></strong></span> <span class='ocrx_word' id='word_1_45' title='bbox 1839 720 2180 778; x_wconf 85' lang='lat' dir='ltr'><strong><em>occidentem</em></strong></span> <span class='ocrx_word' id='word_1_46' title='bbox 2233 718 2491 778; x_wconf 84' lang='lat' dir='ltr'><strong><em>Hdschr.</em></strong></span> <span class='ocrx_word' id='word_1_47' title='bbox 2545 751 2621 761; x_wconf 85' lang='lat'>—</span> <span class='ocrx_word' id='word_1_48' title='bbox 2676 736 2758 779; x_wconf 88' lang='lat' dir='ltr'><strong><em>ne</em></strong></span> 
     </span>
     <span class='ocr_line' id='line_1_7' title="bbox 385 805 2754 882; baseline 0.001 -16"><span class='ocrx_word' id='word_1_49' title='bbox 385 825 477 866; x_wconf 87' lang='lat' dir='ltr'><strong><em>me</em></strong></span> <span class='ocrx_word' id='word_1_50' title='bbox 534 809 833 867; x_wconf 90' lang='lat' dir='ltr'><strong><em>occidente.</em></strong></span> <span class='ocrx_word' id='word_1_51' title='bbox 948 809 1049 867; x_wconf 92' lang='lat'><strong><em>21.</em></strong></span> <span class='ocrx_word' id='word_1_52' title='bbox 1112 810 1487 867; x_wconf 73' lang='lat' dir='ltr'><strong><em>evisceratum</em></strong></span> <span class='ocrx_word' id='word_1_53' title='bbox 1547 824 1699 880; x_wconf 79' lang='lat' dir='ltr'><strong><em>corp.</em></strong></span> <span class='ocrx_word' id='word_1_54' title='bbox 1761 805 2018 866; x_wconf 83' lang='lat' dir='ltr'><strong><em>Hdschr.</em></strong></span> <span class='ocrx_word' id='word_1_55' title='bbox 2077 839 2165 849; x_wconf 92' lang='lat'>-</span> <span class='ocrx_word' id='word_1_56' title='bbox 2231 810 2527 867; x_wconf 79' lang='lat' dir='ltr'><strong><em>eviscerati</em></strong></span> <span class='ocrx_word' id='word_1_57' title='bbox 2587 825 2754 882; x_wconf 78' lang='lat' dir='ltr'><strong><em>corp.</em></strong></span> 
     </span>
    </p>
   </div>
   <div class='ocr_carea' id='block_1_5' title="bbox 376 893 2760 1326">
    <p class='ocr_par' dir='ltr' id='par_1_5' title="bbox 376 893 2760 1326">
     <span class='ocr_line' id='line_1_8' title="bbox 389 893 2757 972; baseline 0 -17"><span class='ocrx_word' id='word_1_58' title='bbox 389 898 490 961; x_wconf 86' lang='lat'><strong><em>26.</em></strong></span> <span class='ocrx_word' id='word_1_59' title='bbox 540 901 592 960; x_wconf 83' lang='lat' dir='ltr'><strong><em>et</em></strong></span> <span class='ocrx_word' id='word_1_60' title='bbox 623 899 873 971; x_wconf 73' lang='lat' dir='ltr'><strong><em>proprio</em></strong></span> <span class='ocrx_word' id='word_1_61' title='bbox 917 913 1155 956; x_wconf 73' lang='lat' dir='ltr'><strong><em>momero</em></strong></span> <span class='ocrx_word' id='word_1_62' title='bbox 1203 895 1462 972; x_wconf 71' lang='lat' dir='ltr'><strong><em>Seyffert</em></strong></span> <span class='ocrx_word' id='word_1_63' title='bbox 1499 926 1584 936; x_wconf 90' lang='lat'><strong><em>——</em></strong></span> <span class='ocrx_word' id='word_1_64' title='bbox 1621 894 1710 971; x_wconf 92' lang='lat' dir='ltr'><strong><em>[et</em></strong></span> <span class='ocrx_word' id='word_1_65' title='bbox 1731 893 2083 970; x_wconf 74' lang='lat' dir='ltr'><strong><em>proprium]</em></strong></span> <span class='ocrx_word' id='word_1_66' title='bbox 2117 901 2325 956; x_wconf 88' lang='lat' dir='ltr'><strong><em>noster.</em></strong></span> <span class='ocrx_word' id='word_1_67' title='bbox 2352 953 2359 960; x_wconf 83' lang='lat'>.</span> <span class='ocrx_word' id='word_1_68' title='bbox 2389 899 2537 955; x_wconf 85' lang='lat' dir='ltr'><strong><em>verti</em></strong></span> <span class='ocrx_word' id='word_1_69' title='bbox 2572 900 2757 956; x_wconf 86' lang='lat' dir='ltr'><strong><em>etiam</em></strong></span> 
     </span>
     <span class='ocr_line' id='line_1_9' title="bbox 388 978 2755 1063; baseline 0.002 -21"><span class='ocrx_word' id='word_1_70' title='bbox 388 984 574 1043; x_wconf 82' lang='lat' dir='ltr'><strong><em>Halm</em></strong></span> <span class='ocrx_word' id='word_1_71' title='bbox 609 1017 698 1026; x_wconf 95' lang='lat'><strong>—</strong></span> <span class='ocrx_word' id='word_1_72' title='bbox 743 987 890 1044; x_wconf 82' lang='lat' dir='ltr'><strong><em>verti</em></strong></span> <span class='ocrx_word' id='word_1_73' title='bbox 935 978 1108 1063; x_wconf 87' lang='lat' dir='ltr'><strong><em>(verti</em></strong></span> <span class='ocrx_word' id='word_1_74' title='bbox 1153 987 1304 1044; x_wconf 90' lang='lat' dir='ltr'><strong><em>enim</em></strong></span> <span class='ocrx_word' id='word_1_75' title='bbox 1348 978 1653 1063; x_wconf 81' lang='lat' dir='ltr'><strong><em>Hdschr.).</em></strong></span> <span class='ocrx_word' id='word_1_76' title='bbox 1747 986 1848 1043; x_wconf 83' lang='lat'><strong><em>27.</em></strong></span> <span class='ocrx_word' id='word_1_77' title='bbox 1897 989 1949 1043; x_wconf 90' lang='lat' dir='ltr'><strong><em>et</em></strong></span> <span class='ocrx_word' id='word_1_78' title='bbox 1994 987 2300 1046; x_wconf 80' lang='lat' dir='ltr'><strong><em>ediscimus</em></strong></span> <span class='ocrx_word' id='word_1_79' title='bbox 2344 985 2512 1045; x_wconf 83' lang='lat' dir='ltr'><strong><em>Bake</em></strong></span> <span class='ocrx_word' id='word_1_80' title='bbox 2563 985 2755 1046; x_wconf 75' lang='lat' dir='ltr'><strong><em>schol.</em></strong></span> 
     </span>
     <span class='ocr_line' id='line_1_10' title="bbox 386 1072 2758 1150; baseline 0.001 -19"><span class='ocrx_word' id='word_1_81' title='bbox 386 1073 667 1150; x_wconf 83' lang='lat' dir='ltr'>hypomn.</span> <span class='ocrx_word' id='word_1_82' title='bbox 704 1072 793 1131; x_wconf 91' lang='lat' dir='ltr'><strong><em>IV</em></strong></span> <span class='ocrx_word' id='word_1_83' title='bbox 827 1094 885 1148; x_wconf 91' lang='lat' dir='ltr'><strong><em>p.</em></strong></span> <span class='ocrx_word' id='word_1_84' title='bbox 917 1075 999 1134; x_wconf 85' lang='lat'><strong><em>83</em></strong></span> <span class='ocrx_word' id='word_1_85' title='bbox 1046 1104 1120 1114; x_wconf 90' lang='lat'>—</span> <span class='ocrx_word' id='word_1_86' title='bbox 1165 1077 1216 1132; x_wconf 87' lang='lat' dir='ltr'><strong><em>et</em></strong></span> <span class='ocrx_word' id='word_1_87' title='bbox 1251 1075 1541 1132; x_wconf 86' lang='lat' dir='ltr'><strong><em>discimus.</em></strong></span> <span class='ocrx_word' id='word_1_88' title='bbox 1637 1073 1736 1131; x_wconf 90' lang='lat'><strong><em>30.</em></strong></span> <span class='ocrx_word' id='word_1_89' title='bbox 1785 1074 2210 1147; x_wconf 76' lang='lat' dir='ltr'><strong><em>complectimur</em></strong></span> <span class='ocrx_word' id='word_1_90' title='bbox 2254 1074 2448 1133; x_wconf 86' lang='lat' dir='ltr'><strong><em>Heine</em></strong></span> <span class='ocrx_word' id='word_1_91' title='bbox 2493 1106 2567 1116; x_wconf 90' lang='lat'><em>-</em></span> <span class='ocrx_word' id='word_1_92' title='bbox 2623 1093 2758 1134; x_wconf 60' lang='lat' dir='ltr'><strong><em>am</em></strong></span> 
     </span>
     <span class='ocr_line' id='line_1_11' title="bbox 376 1162 2754 1236; baseline 0 -16"><span class='ocrx_word' id='word_1_93' title='bbox 376 1164 702 1236; x_wconf 76' lang='lat' dir='ltr'><strong><em>plectimur.</em></strong></span> <span class='ocrx_word' id='word_1_94' title='bbox 766 1179 869 1221; x_wconf 90' lang='lat' dir='ltr'><strong><em>nec</em></strong></span> <span class='ocrx_word' id='word_1_95' title='bbox 921 1162 1144 1222; x_wconf 88' lang='lat' dir='ltr'><strong><em>malum</em></strong></span> <span class='ocrx_word' id='word_1_96' title='bbox 1194 1162 1406 1227; x_wconf 86' lang='lat' dir='ltr'><strong><em>ullum,</em></strong></span> <span class='ocrx_word' id='word_1_97' title='bbox 1462 1178 1535 1219; x_wconf 89' lang='lat' dir='ltr'><strong><em>ne</em></strong></span> <span class='ocrx_word' id='word_1_98' title='bbox 1588 1163 1642 1220; x_wconf 90' lang='lat' dir='ltr'><strong><em>si</em></strong></span> <span class='ocrx_word' id='word_1_99' title='bbox 1693 1163 1757 1219; x_wconf 86' lang='lat' dir='ltr'><strong><em>in</em></strong></span> <span class='ocrx_word' id='word_1_100' title='bbox 1811 1180 1997 1220; x_wconf 80' lang='lat' dir='ltr'><strong><em>unwm</em></strong></span> <span class='ocrx_word' id='word_1_101' title='bbox 2050 1164 2280 1236; x_wconf 79' lang='lat' dir='ltr'><strong><em>quidem</em></strong></span> <span class='ocrx_word' id='word_1_102' title='bbox 2335 1165 2522 1223; x_wconf 81' lang='lat' dir='ltr'><strong><em>locwm</em></strong></span> <span class='ocrx_word' id='word_1_103' title='bbox 2575 1163 2754 1222; x_wconf 80' lang='lat' dir='ltr'><strong><em>Bake</em></strong></span> 
     </span>
     <span class='ocr_line' id='line_1_12' title="bbox 386 1249 2760 1326; baseline 0.002 -18"><span class='ocrx_word' id='word_1_104' title='bbox 386 1251 426 1310; x_wconf 92' lang='lat'><strong><em>1.</em></strong></span> <span class='ocrx_word' id='word_1_105' title='bbox 474 1250 512 1309; x_wconf 94' lang='grc'><strong>1.</strong></span> <span class='ocrx_word' id='word_1_106' title='bbox 567 1270 624 1326; x_wconf 88' lang='lat' dir='ltr'><strong><em>p.</em></strong></span> <span class='ocrx_word' id='word_1_107' title='bbox 667 1252 749 1310; x_wconf 84' lang='lat'><strong><em>83</em></strong></span> <span class='ocrx_word' id='word_1_108' title='bbox 813 1282 887 1290; x_wconf 90' lang='lat'><strong>—</strong></span> <span class='ocrx_word' id='word_1_109' title='bbox 947 1268 1021 1309; x_wconf 88' lang='lat' dir='ltr'><strong><em>ne</em></strong></span> <span class='ocrx_word' id='word_1_110' title='bbox 1073 1251 1295 1310; x_wconf 89' lang='lat' dir='ltr'><strong><em>malum</em></strong></span> <span class='ocrx_word' id='word_1_111' title='bbox 1354 1250 1582 1323; x_wconf 81' lang='lat' dir='ltr'><strong><em>quidem</em></strong></span> <span class='ocrx_word' id='word_1_112' title='bbox 1643 1249 1830 1307; x_wconf 84' lang='lat' dir='ltr'><strong><em>ullwm</em></strong></span> <span class='ocrx_word' id='word_1_113' title='bbox 1892 1268 1996 1309; x_wconf 89' lang='lat' dir='ltr'><strong><em>nec</em></strong></span> <span class='ocrx_word' id='word_1_114' title='bbox 2058 1254 2112 1310; x_wconf 89' lang='lat' dir='ltr'><strong><em>si</em></strong></span> <span class='ocrx_word' id='word_1_115' title='bbox 2173 1254 2239 1310; x_wconf 89' lang='lat' dir='ltr'><strong><em>in</em></strong></span> <span class='ocrx_word' id='word_1_116' title='bbox 2291 1270 2477 1311; x_wconf 88' lang='lat' dir='ltr'><strong><em>unum</em></strong></span> <span class='ocrx_word' id='word_1_117' title='bbox 2541 1254 2760 1312; x_wconf 79' lang='lat' dir='ltr'><strong><em>locum.</em></strong></span> 
     </span>
    </p>
   </div>
   <div class='ocr_carea' id='block_1_6' title="bbox 390 1325 2869 1414">
    <p class='ocr_par' dir='ltr' id='par_1_6' title="bbox 390 1325 2869 1414">
     <span class='ocr_line' id='line_1_13' title="bbox 390 1325 2869 1414; baseline 0 -16"><span class='ocrx_word' id='word_1_118' title='bbox 390 1340 491 1398; x_wconf 84' lang='lat'><strong><em>35.</em></strong></span> <span class='ocrx_word' id='word_1_119' title='bbox 530 1339 726 1411; x_wconf 66' lang='lat' dir='ltr'><strong><em>differt</em></strong></span> <span class='ocrx_word' id='word_1_120' title='bbox 760 1338 1014 1397; x_wconf 75' lang='lat' dir='ltr'><strong><em>fldschr.</em></strong></span> <span class='ocrx_word' id='word_1_121' title='bbox 1052 1370 1140 1379; x_wconf 91' lang='lat'><strong>—</strong></span> <span class='ocrx_word' id='word_1_122' title='bbox 1177 1339 1454 1411; x_wconf 68' lang='lat' dir='ltr'><strong><em>diffemmt</em></strong></span> <span class='ocrx_word' id='word_1_123' title='bbox 1489 1356 1532 1398; x_wconf 77' lang='lat' dir='ltr'><strong><em>s.</em></strong></span> <span class='ocrx_word' id='word_1_124' title='bbox 1571 1337 1770 1397; x_wconf 75' lang='lat' dir='ltr'>Madv.</span> <span class='ocrx_word' id='word_1_125' title='bbox 1809 1338 1881 1397; x_wconf 77' lang='lat' dir='ltr'><strong><em>de</em></strong></span> <span class='ocrx_word' id='word_1_126' title='bbox 1919 1338 2015 1398; x_wconf 82' lang='lat' dir='ltr'><strong><em>fin.</em></strong></span> <span class='ocrx_word' id='word_1_127' title='bbox 2054 1325 2291 1414; x_wconf 69' lang='lat'>13.431.</span> <span class='ocrx_word' id='word_1_128' title='bbox 2373 1342 2476 1401; x_wconf 85' lang='lat'><strong><em>36.</em></strong></span> <span class='ocrx_word' id='word_1_129' title='bbox 2512 1340 2755 1399; x_wconf 69' lang='lat' dir='ltr'><strong><em>Eurota</em></strong></span> <span class='ocrx_word' id='word_1_130' title='bbox 2868 1351 2869 1356; x_wconf 12' lang='grc' dir='ltr'><strong><em>Ν</em></strong></span> 
     </span>
    </p>
   </div>
   <div class='ocr_carea' id='block_1_7' title="bbox 380 1418 2754 2836">
    <p class='ocr_par' dir='ltr' id='par_1_7' title="bbox 380 1418 2754 2303">
     <span class='ocr_line' id='line_1_14' title="bbox 384 1418 2749 1503; baseline 0.001 -18"><span class='ocrx_word' id='word_1_131' title='bbox 384 1426 637 1487; x_wconf 83' lang='lat' dir='ltr'><strong><em>Hdschr.</em></strong></span> <span class='ocrx_word' id='word_1_132' title='bbox 700 1459 773 1467; x_wconf 93' lang='lat'>—</span> <span class='ocrx_word' id='word_1_133' title='bbox 836 1428 1111 1487; x_wconf 75' lang='lat' dir='ltr'><strong><em>Eurotas.</em></strong></span> <span class='ocrx_word' id='word_1_134' title='bbox 1177 1428 1388 1487; x_wconf 91' lang='lat' dir='ltr'><strong><em>militia</em></strong></span> <span class='ocrx_word' id='word_1_135' title='bbox 1441 1426 1697 1488; x_wconf 80' lang='lat' dir='ltr'><strong><em>Hdschr.</em></strong></span> <span class='ocrx_word' id='word_1_136' title='bbox 1755 1458 1840 1468; x_wconf 89' lang='lat'>—</span> <span class='ocrx_word' id='word_1_137' title='bbox 1893 1418 2151 1488; x_wconf 83' lang='lat' dir='ltr'><strong><em>militiae.</em></strong></span> <span class='ocrx_word' id='word_1_138' title='bbox 2245 1430 2347 1489; x_wconf 84' lang='lat'><strong><em>37.</em></strong></span> <span class='ocrx_word' id='word_1_139' title='bbox 2397 1446 2606 1503; x_wconf 71' lang='lat' dir='ltr'><strong><em>aymen</em></strong></span> <span class='ocrx_word' id='word_1_140' title='bbox 2661 1429 2749 1488; x_wconf 83' lang='lat' dir='ltr'><strong><em>ad</em></strong></span> 
     </span>
     <span class='ocr_line' id='line_1_15' title="bbox 383 1514 2754 1591; baseline 0.001 -17"><span class='ocrx_word' id='word_1_141' title='bbox 383 1518 586 1575; x_wconf 88' lang='lat' dir='ltr'><strong><em>tibiam</em></strong></span> <span class='ocrx_word' id='word_1_142' title='bbox 620 1515 830 1591; x_wconf 75' lang='lat' dir='ltr'>Haupt</span> <span class='ocrx_word' id='word_1_143' title='bbox 866 1515 1020 1575; x_wconf 89' lang='lat' dir='ltr'><strong><em>Phil.</em></strong></span> <span class='ocrx_word' id='word_1_144' title='bbox 1057 1514 1121 1573; x_wconf 94' lang='lat' dir='ltr'><strong><em>II</em></strong></span> <span class='ocrx_word' id='word_1_145' title='bbox 1155 1534 1212 1590; x_wconf 87' lang='lat' dir='ltr'><strong><em>p.</em></strong></span> <span class='ocrx_word' id='word_1_146' title='bbox 1247 1517 1373 1575; x_wconf 87' lang='lat'><strong><em>130</em></strong></span> <span class='ocrx_word' id='word_1_147' title='bbox 1416 1547 1494 1557; x_wconf 91' lang='lat'>—</span> <span class='ocrx_word' id='word_1_148' title='bbox 1545 1514 1678 1590; x_wconf 86' lang='lat' dir='ltr'><strong><em>†ad</em></strong></span> <span class='ocrx_word' id='word_1_149' title='bbox 1719 1517 1955 1575; x_wconf 73' lang='lat' dir='ltr'><strong><em>modum</em></strong></span> <span class='ocrx_word' id='word_1_150' title='bbox 2000 1518 2080 1576; x_wconf 94' lang='lat' dir='ltr'><strong><em>ad</em></strong></span> <span class='ocrx_word' id='word_1_151' title='bbox 2124 1517 2340 1577; x_wconf 85' lang='lat' dir='ltr'><strong><em>tibiam.</em></strong></span> <span class='ocrx_word' id='word_1_152' title='bbox 2428 1519 2532 1579; x_wconf 85' lang='lat'><strong><em>39.</em></strong></span> <span class='ocrx_word' id='word_1_153' title='bbox 2579 1514 2754 1577; x_wconf 81' lang='lat' dir='ltr'><strong><em>Certe</em></strong></span> 
     </span>
     <span class='ocr_line' id='line_1_16' title="bbox 380 1599 2750 1682; baseline 0 -19"><span class='ocrx_word' id='word_1_154' title='bbox 380 1604 726 1679; x_wconf 65' lang='lat' dir='ltr'><strong><em>leypylus</em></strong></span> <span class='ocrx_word' id='word_1_155' title='bbox 786 1605 878 1664; x_wconf 83' lang='lat' dir='ltr'><strong><em>hic</em></strong></span> <span class='ocrx_word' id='word_1_156' title='bbox 932 1599 1160 1678; x_wconf 80' lang='lat' dir='ltr'><strong><em>quidem</em></strong></span> <span class='ocrx_word' id='word_1_157' title='bbox 1216 1608 1311 1663; x_wconf 91' lang='lat' dir='ltr'><strong><em>est.</em></strong></span> <span class='ocrx_word' id='word_1_158' title='bbox 1406 1604 1720 1664; x_wconf 86' lang='lat' dir='ltr'><strong><em>Hominem</em></strong></span> <span class='ocrx_word' id='word_1_159' title='bbox 1775 1607 2098 1664; x_wconf 77' lang='lat' dir='ltr'><strong><em>exercitum.</em></strong></span> <span class='ocrx_word' id='word_1_160' title='bbox 2189 1604 2399 1665; x_wconf 71' lang='lat' dir='ltr'><strong><em>Baiter</em></strong></span> <span class='ocrx_word' id='word_1_161' title='bbox 2452 1605 2593 1682; x_wconf 76' lang='lat' dir='ltr'><strong><em>fflgt</em></strong></span> <span class='ocrx_word' id='word_1_162' title='bbox 2648 1605 2750 1663; x_wconf 86' lang='lat' dir='ltr'><strong><em>die</em></strong></span> 
     </span>
     <span class='ocr_line' id='line_1_17' title="bbox 384 1691 2753 1768; baseline 0.001 -20"><span class='ocrx_word' id='word_1_163' title='bbox 384 1691 598 1752; x_wconf 81' lang='lat' dir='ltr'><strong><em>Worte</em></strong></span> <span class='ocrx_word' id='word_1_164' title='bbox 657 1692 770 1751; x_wconf 72' lang='lat' dir='ltr'><strong><em>mit</em></strong></span> <span class='ocrx_word' id='word_1_165' title='bbox 829 1691 1206 1768; x_wconf 81' lang='lat' dir='ltr'><strong><em>Auslassung</em></strong></span> <span class='ocrx_word' id='word_1_166' title='bbox 1264 1711 1384 1751; x_wconf 83' lang='lat' dir='ltr'><strong><em>von</em></strong></span> <span class='ocrx_word' id='word_1_167' title='bbox 1443 1698 1525 1753; x_wconf 89' lang='lat' dir='ltr'><strong><em>est</em></strong></span> <span class='ocrx_word' id='word_1_168' title='bbox 1581 1693 1671 1751; x_wconf 72' lang='lat' dir='ltr'><strong><em>als</em></strong></span> <span class='ocrx_word' id='word_1_169' title='bbox 1727 1691 1881 1752; x_wconf 82' lang='lat' dir='ltr'><strong><em>Vers</em></strong></span> <span class='ocrx_word' id='word_1_170' title='bbox 1942 1711 2020 1752; x_wconf 84' lang='lat' dir='ltr'><strong><em>an</em></strong></span> <span class='ocrx_word' id='word_1_171' title='bbox 2079 1692 2202 1751; x_wconf 88' lang='lat' dir='ltr'><strong><em>und</em></strong></span> <span class='ocrx_word' id='word_1_172' title='bbox 2262 1694 2400 1754; x_wconf 72' lang='lat' dir='ltr'><strong><em>teilt</em></strong></span> <span class='ocrx_word' id='word_1_173' title='bbox 2460 1693 2546 1754; x_wconf 86' lang='lat' dir='ltr'><strong><em>sie</em></strong></span> <span class='ocrx_word' id='word_1_174' title='bbox 2607 1694 2753 1752; x_wconf 85' lang='lat' dir='ltr'><strong><em>dem</em></strong></span> 
     </span>
     <span class='ocr_line' id='line_1_18' title="bbox 382 1780 2753 1857; baseline 0.001 -17"><span class='ocrx_word' id='word_1_175' title='bbox 382 1780 704 1840; x_wconf 59' lang='lat' dir='ltr'><strong><em>Patroklus</em></strong></span> <span class='ocrx_word' id='word_1_176' title='bbox 759 1801 846 1839; x_wconf 75' lang='lat' dir='ltr'><strong><em>za.</em></strong></span> <span class='ocrx_word' id='word_1_177' title='bbox 938 1782 1050 1841; x_wconf 86' lang='lat' dir='ltr'><strong><em>sibi</em></strong></span> <span class='ocrx_word' id='word_1_178' title='bbox 1091 1786 1379 1855; x_wconf 75' lang='lat' dir='ltr'><strong><em>paratam</em></strong></span> <span class='ocrx_word' id='word_1_179' title='bbox 1417 1780 1687 1840; x_wconf 84' lang='lat' dir='ltr'><strong><em>Hdschr.</em></strong></span> <span class='ocrx_word' id='word_1_180' title='bbox 1746 1812 1829 1823; x_wconf 87' lang='lat'><strong><em>—-</em></strong></span> <span class='ocrx_word' id='word_1_181' title='bbox 1885 1783 1999 1842; x_wconf 86' lang='lat' dir='ltr'><strong><em>sibi</em></strong></span> <span class='ocrx_word' id='word_1_182' title='bbox 2048 1786 2350 1856; x_wconf 75' lang='lat' dir='ltr'><strong><em>paratum.</em></strong></span> <span class='ocrx_word' id='word_1_183' title='bbox 2423 1800 2544 1842; x_wconf 89' lang='lat' dir='ltr'><strong><em>non</em></strong></span> <span class='ocrx_word' id='word_1_184' title='bbox 2584 1785 2753 1857; x_wconf 76' lang='lat' dir='ltr'><strong><em>potis</em></strong></span> 
     </span>
     <span class='ocr_line' id='line_1_19' title="bbox 381 1869 2753 1948; baseline 0.002 -20"><span class='ocrx_word' id='word_1_185' title='bbox 381 1869 569 1929; x_wconf 84' lang='lat' dir='ltr'><strong><em>Davis</em></strong></span> <span class='ocrx_word' id='word_1_186' title='bbox 614 1900 705 1911; x_wconf 93' lang='lat'><strong><em>——</em></strong></span> <span class='ocrx_word' id='word_1_187' title='bbox 748 1887 868 1929; x_wconf 88' lang='lat' dir='ltr'><strong><em>non</em></strong></span> <span class='ocrx_word' id='word_1_188' title='bbox 907 1874 1103 1942; x_wconf 78' lang='lat' dir='ltr'><strong><em>potest.</em></strong></span> <span class='ocrx_word' id='word_1_189' title='bbox 1150 1870 1493 1929; x_wconf 80' lang='lat' dir='ltr'><strong><em>inclinatam</em></strong></span> <span class='ocrx_word' id='word_1_190' title='bbox 1547 1870 1702 1929; x_wconf 84' lang='lat' dir='ltr'><strong><em>dedit</em></strong></span> <span class='ocrx_word' id='word_1_191' title='bbox 1744 1869 1972 1947; x_wconf 82' lang='lat' dir='ltr'><strong><em>Bergk,</em></strong></span> <span class='ocrx_word' id='word_1_192' title='bbox 2029 1871 2152 1948; x_wconf 83' lang='lat' dir='ltr'><strong><em>vgl.</em></strong></span> <span class='ocrx_word' id='word_1_193' title='bbox 2196 1871 2466 1931; x_wconf 85' lang='lat' dir='ltr'><strong><em>Ribbeck</em></strong></span> <span class='ocrx_word' id='word_1_194' title='bbox 2512 1873 2589 1931; x_wconf 78' lang='lat' dir='ltr'><strong><em>tr.</em></strong></span> <span class='ocrx_word' id='word_1_195' title='bbox 2636 1873 2753 1932; x_wconf 79' lang='lat' dir='ltr'><strong><em>lat.</em></strong></span> 
     </span>
     <span class='ocr_line' id='line_1_20' title="bbox 382 1957 2750 2034; baseline 0.002 -19"><span class='ocrx_word' id='word_1_196' title='bbox 382 1957 597 2034; x_wconf 84' lang='lat' dir='ltr'><strong><em>fragm.</em></strong></span> <span class='ocrx_word' id='word_1_197' title='bbox 642 1977 699 2034; x_wconf 89' lang='lat' dir='ltr'><strong><em>p.</em></strong></span> <span class='ocrx_word' id='word_1_198' title='bbox 741 1960 819 2018; x_wconf 89' lang='grc'><strong><em>62</em></strong></span> <span class='ocrx_word' id='word_1_199' title='bbox 871 1989 956 1999; x_wconf 89' lang='grc'><strong><em>--</em></strong></span> <span class='ocrx_word' id='word_1_200' title='bbox 1002 1958 1358 2017; x_wconf 68' lang='lat' dir='ltr'><strong><em>inclinatam.</em></strong></span> <span class='ocrx_word' id='word_1_201' title='bbox 1454 1959 1555 2017; x_wconf 90' lang='grc'><strong>40.</strong></span> <span class='ocrx_word' id='word_1_202' title='bbox 1592 1975 1767 2032; x_wconf 76' lang='lat' dir='ltr'><strong><em>posse</em></strong></span> <span class='ocrx_word' id='word_1_203' title='bbox 1812 1960 2086 2018; x_wconf 83' lang='lat' dir='ltr'><strong><em>clamabit</em></strong></span> <span class='ocrx_word' id='word_1_204' title='bbox 2143 1958 2396 2019; x_wconf 85' lang='lat' dir='ltr'><strong><em>Hdschr.</em></strong></span> <span class='ocrx_word' id='word_1_205' title='bbox 2451 1991 2528 2001; x_wconf 93' lang='lat'>—</span> <span class='ocrx_word' id='word_1_206' title='bbox 2568 1977 2750 2034; x_wconf 76' lang='lat' dir='ltr'><strong><em>posse</em></strong></span> 
     </span>
     <span class='ocr_line' id='line_1_21' title="bbox 383 2046 2750 2122; baseline 0 -15"><span class='ocrx_word' id='word_1_207' title='bbox 383 2064 444 2107; x_wconf 89' lang='lat' dir='ltr'><strong><em>se</em></strong></span> <span class='ocrx_word' id='word_1_208' title='bbox 498 2046 783 2107; x_wconf 85' lang='lat' dir='ltr'><strong><em>clamabit.</em></strong></span> <span class='ocrx_word' id='word_1_209' title='bbox 847 2048 913 2105; x_wconf 90' lang='lat' dir='ltr'><strong><em>in</em></strong></span> <span class='ocrx_word' id='word_1_210' title='bbox 964 2048 1097 2106; x_wconf 89' lang='lat' dir='ltr'><strong><em>nive</em></strong></span> <span class='ocrx_word' id='word_1_211' title='bbox 1149 2049 1213 2105; x_wconf 89' lang='lat' dir='ltr'><strong><em>in</em></strong></span> <span class='ocrx_word' id='word_1_212' title='bbox 1265 2048 1579 2114; x_wconf 87' lang='lat' dir='ltr'><strong><em>montibus,</em></strong></span> <span class='ocrx_word' id='word_1_213' title='bbox 1642 2049 1742 2105; x_wconf 76' lang='lat' dir='ltr'><strong><em>uri</em></strong></span> <span class='ocrx_word' id='word_1_214' title='bbox 1803 2065 1864 2107; x_wconf 88' lang='lat' dir='ltr'><strong><em>se</em></strong></span> <span class='ocrx_word' id='word_1_215' title='bbox 1915 2050 2232 2121; x_wconf 76' lang='lat' dir='ltr'><strong><em>patiuntur</em></strong></span> <span class='ocrx_word' id='word_1_216' title='bbox 2283 2049 2456 2115; x_wconf 88' lang='lat' dir='ltr'><strong><em>Indi,</em></strong></span> <span class='ocrx_word' id='word_1_217' title='bbox 2510 2049 2750 2122; x_wconf 69' lang='lat' dir='ltr'><strong><em>puyizes</em></strong></span> 
     </span>
     <span class='ocr_line' id='line_1_22' title="bbox 383 2134 2751 2216; baseline 0.001 -23"><span class='ocrx_word' id='word_1_218' title='bbox 383 2135 569 2194; x_wconf 81' lang='lat' dir='ltr'><strong><em>Davis</em></strong></span> <span class='ocrx_word' id='word_1_219' title='bbox 620 2166 698 2176; x_wconf 90' lang='lat'><strong>—</strong></span> <span class='ocrx_word' id='word_1_220' title='bbox 750 2137 815 2194; x_wconf 91' lang='lat' dir='ltr'><strong><em>in</em></strong></span> <span class='ocrx_word' id='word_1_221' title='bbox 857 2137 1016 2201; x_wconf 83' lang='lat' dir='ltr'><strong><em>nive,</em></strong></span> <span class='ocrx_word' id='word_1_222' title='bbox 1076 2138 1141 2194; x_wconf 91' lang='lat' dir='ltr'><strong><em>in</em></strong></span> <span class='ocrx_word' id='word_1_223' title='bbox 1178 2137 1472 2195; x_wconf 87' lang='lat' dir='ltr'><strong><em>montibus</em></strong></span> <span class='ocrx_word' id='word_1_224' title='bbox 1514 2137 1615 2194; x_wconf 91' lang='lat' dir='ltr'><strong><em>uri</em></strong></span> <span class='ocrx_word' id='word_1_225' title='bbox 1667 2152 1729 2195; x_wconf 92' lang='lat' dir='ltr'><strong><em>se</em></strong></span> <span class='ocrx_word' id='word_1_226' title='bbox 1763 2138 2106 2209; x_wconf 69' lang='lat' dir='ltr'><strong><em>patiuntur,</em></strong></span> <span class='ocrx_word' id='word_1_227' title='bbox 2149 2138 2383 2211; x_wconf 73' lang='lat' dir='ltr'><strong><em>puqiles</em></strong></span> <span class='ocrx_word' id='word_1_228' title='bbox 2432 2134 2595 2216; x_wconf 85' lang='lat' dir='ltr'><strong><em>(inde</em></strong></span> <span class='ocrx_word' id='word_1_229' title='bbox 2627 2154 2751 2209; x_wconf 60' lang='lat' dir='ltr'><strong><em>pu»-</em></strong></span> 
     </span>
     <span class='ocr_line' id='line_1_23' title="bbox 380 2215 2749 2303; baseline -0 -20"><span class='ocrx_word' id='word_1_230' title='bbox 380 2225 526 2297; x_wconf 76' lang='lat' dir='ltr'><strong><em>9iles</em></strong></span> <span class='ocrx_word' id='word_1_231' title='bbox 569 2215 873 2303; x_wconf 85' lang='lat' dir='ltr'><strong><em>Hdschr..)</em></strong></span> <span class='ocrx_word' id='word_1_232' title='bbox 969 2225 1054 2282; x_wconf 88' lang='lat'><strong><em>44</em></strong></span> <span class='ocrx_word' id='word_1_233' title='bbox 1101 2225 1218 2283; x_wconf 87' lang='lat' dir='ltr'><strong><em>ista</em></strong></span> <span class='ocrx_word' id='word_1_234' title='bbox 1263 2222 1519 2283; x_wconf 83' lang='lat' dir='ltr'><strong><em>Hdschr.</em></strong></span> <span class='ocrx_word' id='word_1_235' title='bbox 1572 2252 1646 2264; x_wconf 84' lang='lat'><strong><em>--</em></strong></span> <span class='ocrx_word' id='word_1_236' title='bbox 1699 2226 1889 2284; x_wconf 91' lang='lat' dir='ltr'><strong><em>istaec.</em></strong></span> <span class='ocrx_word' id='word_1_237' title='bbox 1992 2225 2094 2284; x_wconf 91' lang='lat'><strong><em>45.</em></strong></span> <span class='ocrx_word' id='word_1_238' title='bbox 2141 2242 2297 2284; x_wconf 90' lang='lat' dir='ltr'><strong><em>nunc</em></strong></span> <span class='ocrx_word' id='word_1_239' title='bbox 2343 2241 2442 2298; x_wconf 69' lang='lat' dir='ltr'><strong><em>eqo</em></strong></span> <span class='ocrx_word' id='word_1_240' title='bbox 2488 2223 2749 2284; x_wconf 84' lang='lat' dir='ltr'><strong><em>Hdschr</em></strong></span> 
     </span>
    </p>

    <p class='ocr_par' dir='ltr' id='par_1_8' title="bbox 384 2311 2750 2836">
     <span class='ocr_line' id='line_1_24' title="bbox 384 2311 2749 2388; baseline 0.001 -17.182"><span class='ocrx_word' id='word_1_241' title='bbox 384 2313 671 2372; x_wconf 80' lang='lat' dir='ltr'><strong><em>—hwnc</em></strong></span> <span class='ocrx_word' id='word_1_242' title='bbox 715 2331 829 2388; x_wconf 73' lang='lat' dir='ltr'><strong><em>eqo,</em></strong></span> <span class='ocrx_word' id='word_1_243' title='bbox 876 2313 1173 2373; x_wconf 79' lang='lat' dir='ltr'><strong><em>honestum</em></strong></span> <span class='ocrx_word' id='word_1_244' title='bbox 1220 2317 1303 2372; x_wconf 88' lang='lat' dir='ltr'><strong><em>est</em></strong></span> <span class='ocrx_word' id='word_1_245' title='bbox 1346 2311 1538 2372; x_wconf 88' lang='lat' dir='ltr'><strong><em>Heine</em></strong></span> <span class='ocrx_word' id='word_1_246' title='bbox 1583 2342 1657 2353; x_wconf 94' lang='lat'>—</span> <span class='ocrx_word' id='word_1_247' title='bbox 1648 2312 1998 2373; x_wconf 77' lang='lat' dir='ltr'><strong><em>honestum</em></strong></span> <span class='ocrx_word' id='word_1_248' title='bbox 2043 2316 2132 2373; x_wconf 86' lang='lat' dir='ltr'><strong><em>sit.</em></strong></span> <span class='ocrx_word' id='word_1_249' title='bbox 2227 2315 2331 2374; x_wconf 89' lang='lat'><strong><em>52.</em></strong></span> <span class='ocrx_word' id='word_1_250' title='bbox 2382 2313 2749 2374; x_wconf 83' lang='lat' dir='ltr'><strong><em>Timocreon-</em></strong></span> 
     </span>
     <span class='ocr_line' id='line_1_25' title="bbox 386 2400 2749 2476; baseline 0.001 -17"><span class='ocrx_word' id='word_1_251' title='bbox 386 2404 459 2460; x_wconf 88' lang='lat' dir='ltr'><strong><em>tis</em></strong></span> <span class='ocrx_word' id='word_1_252' title='bbox 503 2400 757 2462; x_wconf 84' lang='lat' dir='ltr'><strong><em>Hdschr.</em></strong></span> <span class='ocrx_word' id='word_1_253' title='bbox 805 2433 888 2443; x_wconf 90' lang='lat'><strong><em>-—</em></strong></span> <span class='ocrx_word' id='word_1_254' title='bbox 936 2402 1346 2461; x_wconf 87' lang='lat' dir='ltr'><strong><em>Nicocreontis.</em></strong></span> <span class='ocrx_word' id='word_1_255' title='bbox 1405 2404 1466 2460; x_wconf 78' lang='lat' dir='ltr'><strong><em>‘si</em></strong></span> <span class='ocrx_word' id='word_1_256' title='bbox 1521 2402 1810 2474; x_wconf 80' lang='lat' dir='ltr'><strong><em>adfectum</em></strong></span> <span class='ocrx_word' id='word_1_257' title='bbox 1863 2403 1982 2460; x_wconf 89' lang='lat' dir='ltr'><strong><em>ullo</em></strong></span> <span class='ocrx_word' id='word_1_258' title='bbox 2037 2403 2230 2461; x_wconf 90' lang='lat' dir='ltr'><strong><em>dolore</em></strong></span> <span class='ocrx_word' id='word_1_259' title='bbox 2284 2419 2494 2476; x_wconf 76' lang='lat' dir='ltr'><strong><em>corpus</em></strong></span> <span class='ocrx_word' id='word_1_260' title='bbox 2550 2402 2749 2463; x_wconf 83' lang='lat' dir='ltr'><strong><em>Heine</em></strong></span> 
     </span>
     <span class='ocr_line' id='line_1_26' title="bbox 384 2483 2745 2570; baseline 0.002 -22"><span class='ocrx_word' id='word_1_261' title='bbox 384 2489 599 2549; x_wconf 85' lang='lat' dir='ltr'><strong><em>Philol.</em></strong></span> <span class='ocrx_word' id='word_1_262' title='bbox 647 2490 764 2549; x_wconf 91' lang='lat' dir='ltr'><strong><em>XII</em></strong></span> <span class='ocrx_word' id='word_1_263' title='bbox 807 2511 863 2566; x_wconf 89' lang='lat' dir='ltr'><strong><em>p.</em></strong></span> <span class='ocrx_word' id='word_1_264' title='bbox 908 2492 1032 2550; x_wconf 87' lang='grc'><strong>756</strong></span> <span class='ocrx_word' id='word_1_265' title='bbox 1084 2508 1168 2530; x_wconf 88' lang='grc'><strong><em>-·</em></strong></span> <span class='ocrx_word' id='word_1_266' title='bbox 1216 2492 1269 2549; x_wconf 90' lang='lat' dir='ltr'><strong><em>si</em></strong></span> <span class='ocrx_word' id='word_1_267' title='bbox 1324 2495 1540 2549; x_wconf 90' lang='lat' dir='ltr'><strong><em>tactum</em></strong></span> <span class='ocrx_word' id='word_1_268' title='bbox 1593 2491 1786 2549; x_wconf 90' lang='lat' dir='ltr'><strong><em>dolore</em></strong></span> <span class='ocrx_word' id='word_1_269' title='bbox 1840 2507 2048 2564; x_wconf 75' lang='lat' dir='ltr'><strong><em>corpus</em></strong></span> <span class='ocrx_word' id='word_1_270' title='bbox 2103 2483 2233 2570; x_wconf 88' lang='lat' dir='ltr'><strong><em>(sed</em></strong></span> <span class='ocrx_word' id='word_1_271' title='bbox 2276 2493 2431 2564; x_wconf 80' lang='lat' dir='ltr'><strong><em>facto</em></strong></span> <span class='ocrx_word' id='word_1_272' title='bbox 2477 2496 2603 2550; x_wconf 90' lang='lat' dir='ltr'><strong><em>tum</em></strong></span> <span class='ocrx_word' id='word_1_273' title='bbox 2646 2493 2745 2552; x_wconf 89' lang='lat' dir='ltr'><strong><em>do-</em></strong></span> 
     </span>
     <span class='ocr_line' id='line_1_27' title="bbox 386 2570 2748 2658; baseline 0.001 -21"><span class='ocrx_word' id='word_1_274' title='bbox 386 2579 502 2638; x_wconf 89' lang='lat' dir='ltr'><strong><em>lere</em></strong></span> <span class='ocrx_word' id='word_1_275' title='bbox 547 2596 755 2652; x_wconf 75' lang='lat' dir='ltr'><strong><em>corpus</em></strong></span> <span class='ocrx_word' id='word_1_276' title='bbox 790 2570 1094 2658; x_wconf 81' lang='lat' dir='ltr'><strong><em>Hdschr..)</em></strong></span> <span class='ocrx_word' id='word_1_277' title='bbox 1169 2580 1272 2638; x_wconf 90' lang='lat'><strong><em>55.</em></strong></span> <span class='ocrx_word' id='word_1_278' title='bbox 1309 2579 1414 2638; x_wconf 76' lang='lat' dir='ltr'><strong><em>hoc</em></strong></span> <span class='ocrx_word' id='word_1_279' title='bbox 1448 2580 1602 2638; x_wconf 90' lang='lat' dir='ltr'><strong><em>idem</em></strong></span> <span class='ocrx_word' id='word_1_280' title='bbox 1636 2577 1891 2638; x_wconf 79' lang='lat' dir='ltr'><strong><em>Hdschr.</em></strong></span> <span class='ocrx_word' id='word_1_281' title='bbox 1919 2610 2007 2619; x_wconf 95' lang='grc'><strong><em>--</em></strong></span> <span class='ocrx_word' id='word_1_282' title='bbox 2034 2579 2138 2638; x_wconf 79' lang='lat' dir='ltr'><strong><em>hoc</em></strong></span> <span class='ocrx_word' id='word_1_283' title='bbox 2172 2580 2414 2653; x_wconf 81' lang='lat' dir='ltr'><strong><em>quidem.</em></strong></span> <span class='ocrx_word' id='word_1_284' title='bbox 2486 2583 2586 2640; x_wconf 84' lang='lat'><strong><em>62.</em></strong></span> <span class='ocrx_word' id='word_1_285' title='bbox 2617 2598 2748 2640; x_wconf 86' lang='lat' dir='ltr'><strong><em>con-</em></strong></span> 
     </span>
     <span class='ocr_line' id='line_1_28' title="bbox 386 2659 2750 2750; baseline 0.002 -24"><span class='ocrx_word' id='word_1_286' title='bbox 386 2669 547 2726; x_wconf 83' lang='lat' dir='ltr'><strong><em>tinuo</em></strong></span> <span class='ocrx_word' id='word_1_287' title='bbox 593 2668 747 2739; x_wconf 82' lang='lat' dir='ltr'><strong><em>siunt</em></strong></span> <span class='ocrx_word' id='word_1_288' title='bbox 789 2667 1104 2726; x_wconf 89' lang='lat' dir='ltr'><strong><em>Heine—</em></strong></span> <span class='ocrx_word' id='word_1_289' title='bbox 1153 2668 1518 2727; x_wconf 86' lang='lat' dir='ltr'><strong><em>contentendo</em></strong></span> <span class='ocrx_word' id='word_1_290' title='bbox 1563 2668 1714 2739; x_wconf 81' lang='lat' dir='ltr'><strong><em>siunt</em></strong></span> <span class='ocrx_word' id='word_1_291' title='bbox 1759 2659 2119 2748; x_wconf 61' lang='lat' dir='ltr'><strong><em>(contempno</em></strong></span> <span class='ocrx_word' id='word_1_292' title='bbox 2163 2670 2316 2739; x_wconf 75' lang='lat' dir='ltr'><strong><em>fiunt</em></strong></span> <span class='ocrx_word' id='word_1_293' title='bbox 2348 2661 2646 2750; x_wconf 85' lang='lat' dir='ltr'><strong><em>Hdsehr.)</em></strong></span> <span class='ocrx_word' id='word_1_294' title='bbox 2696 2674 2750 2730; x_wconf 83' lang='lat' dir='ltr'><strong><em>et</em></strong></span> 
     </span>
     <span class='ocr_line' id='line_1_29' title="bbox 387 2748 2747 2836; baseline 0 -20"><span class='ocrx_word' id='word_1_295' title='bbox 387 2758 548 2829; x_wconf 73' lang='lat' dir='ltr'><strong><em>apud</em></strong></span> <span class='ocrx_word' id='word_1_296' title='bbox 600 2774 741 2829; x_wconf 80' lang='lat' dir='ltr'><strong><em>quos</em></strong></span> <span class='ocrx_word' id='word_1_297' title='bbox 794 2754 986 2814; x_wconf 89' lang='lat' dir='ltr'><strong><em>Heine</em></strong></span> <span class='ocrx_word' id='word_1_298' title='bbox 1031 2787 1121 2798; x_wconf 96' lang='lat'>—</span> <span class='ocrx_word' id='word_1_299' title='bbox 1177 2757 1338 2829; x_wconf 76' lang='lat' dir='ltr'><strong><em>apud</em></strong></span> <span class='ocrx_word' id='word_1_300' title='bbox 1391 2773 1532 2829; x_wconf 80' lang='lat' dir='ltr'><strong><em>quos</em></strong></span> <span class='ocrx_word' id='word_1_301' title='bbox 1588 2748 1682 2835; x_wconf 89' lang='lat' dir='ltr'><strong><em>(ut</em></strong></span> <span class='ocrx_word' id='word_1_302' title='bbox 1736 2758 1897 2829; x_wconf 78' lang='lat' dir='ltr'><strong><em>apud</em></strong></span> <span class='ocrx_word' id='word_1_303' title='bbox 1950 2773 2091 2829; x_wconf 80' lang='lat' dir='ltr'><strong><em>quos</em></strong></span> <span class='ocrx_word' id='word_1_304' title='bbox 2136 2749 2419 2836; x_wconf 83' lang='lat' dir='ltr'><strong><em>Hdschr.)</em></strong></span> <span class='ocrx_word' id='word_1_305' title='bbox 2472 2775 2747 2818; x_wconf 74' lang='lat' dir='ltr'><strong><em>cucurre—</em></strong></span> 
     </span>
    </p>
   </div>
   <div class='ocr_carea' id='block_1_8' title="bbox 385 2842 2751 3310">
    <p class='ocr_par' dir='ltr' id='par_1_9' title="bbox 385 2842 2751 3310">
     <span class='ocr_line' id='line_1_30' title="bbox 385 2842 2751 2921; baseline 0.001 -18"><span class='ocrx_word' id='word_1_306' title='bbox 385 2848 509 2904; x_wconf 87' lang='lat' dir='ltr'><strong><em>rint</em></strong></span> <span class='ocrx_word' id='word_1_307' title='bbox 553 2842 742 2904; x_wconf 89' lang='lat' dir='ltr'><strong><em>Orelli</em></strong></span> <span class='ocrx_word' id='word_1_308' title='bbox 795 2875 869 2885; x_wconf 93' lang='lat'><strong>—</strong></span> <span class='ocrx_word' id='word_1_309' title='bbox 924 2849 1317 2904; x_wconf 89' lang='lat' dir='ltr'><strong><em>cucurrerunt.</em></strong></span> <span class='ocrx_word' id='word_1_310' title='bbox 1414 2845 1516 2903; x_wconf 88' lang='lat'><strong><em>64.</em></strong></span> <span class='ocrx_word' id='word_1_311' title='bbox 1570 2861 1632 2904; x_wconf 92' lang='lat' dir='ltr'><strong><em>se</em></strong></span> <span class='ocrx_word' id='word_1_312' title='bbox 1684 2848 1911 2904; x_wconf 83' lang='lat' dir='ltr'><strong><em>tantwm</em></strong></span> <span class='ocrx_word' id='word_1_313' title='bbox 1968 2843 2248 2921; x_wconf 82' lang='lat' dir='ltr'><strong><em>Sigonius</em></strong></span> <span class='ocrx_word' id='word_1_314' title='bbox 2302 2875 2377 2887; x_wconf 93' lang='lat'><strong><em>—-</em></strong></span> <span class='ocrx_word' id='word_1_315' title='bbox 2428 2863 2490 2906; x_wconf 89' lang='lat' dir='ltr'><strong><em>se</em></strong></span> <span class='ocrx_word' id='word_1_316' title='bbox 2535 2851 2751 2906; x_wconf 86' lang='lat' dir='ltr'><strong><em>tamen</em></strong></span> 
     </span>
     <span class='ocr_line' id='line_1_31' title="bbox 391 2931 1904 2995; baseline 0.001 -2"><span class='ocrx_word' id='word_1_317' title='bbox 391 2935 492 2993; x_wconf 84' lang='lat'><strong><em>67.</em></strong></span> <span class='ocrx_word' id='word_1_318' title='bbox 540 2935 652 2992; x_wconf 85' lang='lat' dir='ltr'><strong><em>eice</em></strong></span> <span class='ocrx_word' id='word_1_319' title='bbox 696 2937 748 2992; x_wconf 91' lang='lat' dir='ltr'><strong><em>te</em></strong></span> <span class='ocrx_word' id='word_1_320' title='bbox 790 2935 935 2993; x_wconf 83' lang='lat' dir='ltr'><strong><em>navi</em></strong></span> <span class='ocrx_word' id='word_1_321' title='bbox 977 2931 1232 2992; x_wconf 84' lang='lat' dir='ltr'><strong><em>Hdschr.</em></strong></span> <span class='ocrx_word' id='word_1_322' title='bbox 1280 2964 1364 2973; x_wconf 93' lang='lat'><strong>—</strong></span> <span class='ocrx_word' id='word_1_323' title='bbox 1419 2935 1533 2992; x_wconf 89' lang='lat' dir='ltr'><strong><em>eice</em></strong></span> <span class='ocrx_word' id='word_1_324' title='bbox 1577 2937 1628 2991; x_wconf 90' lang='lat' dir='ltr'><strong><em>te</em></strong></span> <span class='ocrx_word' id='word_1_325' title='bbox 1674 2951 1702 2992; x_wconf 91' lang='lat' dir='ltr'><strong><em>e</em></strong></span> <span class='ocrx_word' id='word_1_326' title='bbox 1745 2935 1904 2995; x_wconf 79' lang='lat' dir='ltr'><strong><em>navi.</em></strong></span> 
     </span>
     <span class='ocr_line' id='line_1_32' title="bbox 1366 3125 1764 3185; baseline 0.003 -1"><span class='ocrx_word' id='word_1_327' title='bbox 1366 3125 1479 3185; x_wconf 90' lang='lat' dir='ltr'>III.</span> <span class='ocrx_word' id='word_1_328' title='bbox 1523 3126 1574 3185; x_wconf 93' lang='lat' dir='ltr'>B</span> <span class='ocrx_word' id='word_1_329' title='bbox 1597 3147 1636 3184; x_wconf 89' lang='lat' dir='ltr'>u</span> <span class='ocrx_word' id='word_1_330' title='bbox 1657 3145 1688 3185; x_wconf 87' lang='lat' dir='ltr'><strong><em>c</em></strong></span> <span class='ocrx_word' id='word_1_331' title='bbox 1703 3126 1764 3185; x_wconf 91' lang='lat' dir='ltr'><strong><em>h.</em></strong></span> 
     </span>
     <span class='ocr_line' id='line_1_33' title="bbox 567 3231 2743 3310; baseline 0.001 -19"><span class='ocrx_word' id='word_1_332' title='bbox 567 3231 607 3306; x_wconf 66' lang='grc' dir='ltr'>ἓ</span> <span class='ocrx_word' id='word_1_333' title='bbox 646 3234 703 3293; x_wconf 93' lang='grc'><strong><em>4.</em></strong></span> <span class='ocrx_word' id='word_1_334' title='bbox 752 3251 869 3306; x_wconf 78' lang='lat' dir='ltr'><strong><em>qua</em></strong></span> <span class='ocrx_word' id='word_1_335' title='bbox 924 3235 1140 3293; x_wconf 85' lang='lat' dir='ltr'><strong><em>caecati</em></strong></span> <span class='ocrx_word' id='word_1_336' title='bbox 1196 3232 1523 3310; x_wconf 84' lang='lat' dir='ltr'><strong><em>Schlenger</em></strong></span> <span class='ocrx_word' id='word_1_337' title='bbox 1574 3265 1648 3273; x_wconf 90' lang='lat'><strong>—</strong></span> <span class='ocrx_word' id='word_1_338' title='bbox 1701 3251 1819 3306; x_wconf 80' lang='lat' dir='ltr'><strong><em>qua</em></strong></span> <span class='ocrx_word' id='word_1_339' title='bbox 1873 3237 2154 3294; x_wconf 86' lang='lat' dir='ltr'><strong><em>caecitate.</em></strong></span> <span class='ocrx_word' id='word_1_340' title='bbox 2209 3265 2287 3276; x_wconf 90' lang='lat'>-</span> <span class='ocrx_word' id='word_1_341' title='bbox 2338 3237 2499 3307; x_wconf 65' lang='lat' dir='ltr'><strong><em>atqua·</em></strong></span> <span class='ocrx_word' id='word_1_342' title='bbox 2552 3234 2743 3294; x_wconf 83' lang='lat' dir='ltr'><strong><em>Heine</em></strong></span> 
     </span>
    </p>
   </div>
   <div class='ocr_carea' id='block_1_9' title="bbox 389 3320 2741 3396">
    <p class='ocr_par' dir='ltr' id='par_1_10' title="bbox 389 3320 2741 3396">
     <span class='ocr_line' id='line_1_34' title="bbox 389 3320 2741 3396; baseline -0 -14"><span class='ocrx_word' id='word_1_343' title='bbox 389 3323 541 3382; x_wconf 83' lang='lat' dir='ltr'><strong><em>nach</em></strong></span> <span class='ocrx_word' id='word_1_344' title='bbox 600 3320 727 3381; x_wconf 83' lang='lat' dir='ltr'><strong><em>cod.</em></strong></span> <span class='ocrx_word' id='word_1_345' title='bbox 777 3320 928 3380; x_wconf 78' lang='lat' dir='ltr'><strong><em>Gud.</em></strong></span> <span class='ocrx_word' id='word_1_346' title='bbox 978 3353 1062 3363; x_wconf 93' lang='lat'>-</span> <span class='ocrx_word' id='word_1_347' title='bbox 1110 3326 1294 3394; x_wconf 78' lang='lat' dir='ltr'><strong><em>atque.</em></strong></span> <span class='ocrx_word' id='word_1_348' title='bbox 1408 3324 1465 3381; x_wconf 89' lang='grc'><strong>6.</strong></span> <span class='ocrx_word' id='word_1_349' title='bbox 1521 3323 1892 3395; x_wconf 82' lang='lat' dir='ltr'><strong><em>onmibusque</em></strong></span> <span class='ocrx_word' id='word_1_350' title='bbox 1945 3324 2166 3396; x_wconf 79' lang='lat' dir='ltr'><strong><em>opibus,</em></strong></span> <span class='ocrx_word' id='word_1_351' title='bbox 2219 3324 2445 3382; x_wconf 79' lang='lat' dir='ltr'><strong><em>viribus</em></strong></span> <span class='ocrx_word' id='word_1_352' title='bbox 2506 3354 2581 3366; x_wconf 91' lang='lat'><strong>—</strong></span> <span class='ocrx_word' id='word_1_353' title='bbox 2634 3340 2741 3382; x_wconf 83' lang='lat' dir='ltr'><strong><em>om.</em></strong></span> 
     </span>
    </p>
   </div>
   <div class='ocr_carea' id='block_1_10' title="bbox 388 3407 2869 3486">
    <p class='ocr_par' dir='ltr' id='par_1_11' title="bbox 388 3407 2869 3486">
     <span class='ocr_line' id='line_1_35' title="bbox 388 3407 2869 3486; baseline 0.002 -17"><span class='ocrx_word' id='word_1_354' title='bbox 388 3413 592 3486; x_wconf 56' lang='lat' dir='ltr'><strong><em>opibus</em></strong></span> <span class='ocrx_word' id='word_1_355' title='bbox 636 3407 945 3486; x_wconf 72' lang='lat' dir='ltr'><strong><em>[viribus]</em></strong></span> <span class='ocrx_word' id='word_1_356' title='bbox 1040 3413 1098 3471; x_wconf 88' lang='lat'><strong><em>9.</em></strong></span> <span class='ocrx_word' id='word_1_357' title='bbox 1144 3411 1212 3469; x_wconf 87' lang='lat' dir='ltr'><strong><em>id</em></strong></span> <span class='ocrx_word' id='word_1_358' title='bbox 1256 3415 1338 3470; x_wconf 84' lang='lat' dir='ltr'><strong><em>est</em></strong></span> <span class='ocrx_word' id='word_1_359' title='bbox 1378 3413 1752 3470; x_wconf 80' lang='lat' dir='ltr'><strong><em>insanitatem</em></strong></span> <span class='ocrx_word' id='word_1_360' title='bbox 1797 3415 1849 3469; x_wconf 87' lang='lat' dir='ltr'><strong><em>et</em></strong></span> <span class='ocrx_word' id='word_1_361' title='bbox 1893 3415 2188 3485; x_wconf 72' lang='lat' dir='ltr'><strong><em>aeyrotum</em></strong></span> <span class='ocrx_word' id='word_1_362' title='bbox 2235 3414 2521 3479; x_wconf 86' lang='lat' dir='ltr'><strong><em>animum,</em></strong></span> <span class='ocrx_word' id='word_1_363' title='bbox 2579 3427 2745 3485; x_wconf 77' lang='lat' dir='ltr'><strong><em>quem</em></strong></span> <span class='ocrx_word' id='word_1_364' title='bbox 2868 3456 2869 3475; x_wconf 17' lang='lat' dir='ltr'><strong><em>l</em></strong></span> 
     </span>
    </p>
   </div>
   <div class='ocr_carea' id='block_1_11' title="bbox 385 3497 2748 3840">
    <p class='ocr_par' dir='ltr' id='par_1_12' title="bbox 385 3497 2748 3840">
     <span class='ocr_line' id='line_1_36' title="bbox 387 3497 2748 3575; baseline -0.001 -14"><span class='ocrx_word' id='word_1_365' title='bbox 387 3500 761 3574; x_wconf 73' lang='lat' dir='ltr'><strong><em>appellarunt</em></strong></span> <span class='ocrx_word' id='word_1_366' title='bbox 813 3501 1110 3559; x_wconf 87' lang='lat' dir='ltr'><strong><em>insaniam</em></strong></span> <span class='ocrx_word' id='word_1_367' title='bbox 1162 3516 1283 3559; x_wconf 85' lang='lat' dir='ltr'><strong><em>von</em></strong></span> <span class='ocrx_word' id='word_1_368' title='bbox 1336 3497 1548 3558; x_wconf 72' lang='lat' dir='ltr'><strong><em>Baiter</em></strong></span> <span class='ocrx_word' id='word_1_369' title='bbox 1601 3498 2004 3575; x_wconf 70' lang='lat' dir='ltr'><strong><em>ausgelassen.</em></strong></span> <span class='ocrx_word' id='word_1_370' title='bbox 2110 3502 2141 3558; x_wconf 93' lang='lat'>1</span> <span class='ocrx_word' id='word_1_371' title='bbox 2156 3503 2208 3558; x_wconf 92' lang='lat'><strong><em>1.</em></strong></span> <span class='ocrx_word' id='word_1_372' title='bbox 2265 3503 2405 3573; x_wconf 81' lang='lat' dir='ltr'><strong><em>quia</em></strong></span> <span class='ocrx_word' id='word_1_373' title='bbox 2456 3517 2577 3559; x_wconf 86' lang='lat' dir='ltr'><strong><em>non</em></strong></span> <span class='ocrx_word' id='word_1_374' title='bbox 2627 3502 2748 3559; x_wconf 78' lang='lat' dir='ltr'><strong><em>sint</em></strong></span> 
     </span>
     <span class='ocr_line' id='line_1_37' title="bbox 385 3587 2746 3665; baseline 0.001 -19"><span class='ocrx_word' id='word_1_375' title='bbox 385 3587 641 3648; x_wconf 81' lang='lat' dir='ltr'><strong><em>Hdschr.</em></strong></span> <span class='ocrx_word' id='word_1_376' title='bbox 701 3617 786 3629; x_wconf 93' lang='lat'>—</span> <span class='ocrx_word' id='word_1_377' title='bbox 842 3590 981 3661; x_wconf 72' lang='lat' dir='ltr'><strong><em>quia</em></strong></span> <span class='ocrx_word' id='word_1_378' title='bbox 1032 3605 1152 3647; x_wconf 89' lang='lat' dir='ltr'><strong><em>non</em></strong></span> <span class='ocrx_word' id='word_1_379' title='bbox 1204 3592 1356 3647; x_wconf 84' lang='lat' dir='ltr'><strong><em>sunt.</em></strong></span> <span class='ocrx_word' id='word_1_380' title='bbox 1468 3589 1565 3647; x_wconf 90' lang='lat'><strong><em>12.</em></strong></span> <span class='ocrx_word' id='word_1_381' title='bbox 1611 3589 1691 3654; x_wconf 86' lang='lat' dir='ltr'><strong><em>si,</em></strong></span> <span class='ocrx_word' id='word_1_382' title='bbox 1746 3589 1958 3661; x_wconf 71' lang='lat' dir='ltr'><strong><em>inquit,</em></strong></span> <span class='ocrx_word' id='word_1_383' title='bbox 2015 3589 2180 3660; x_wconf 81' lang='lat' dir='ltr'><strong><em>fuero</em></strong></span> <span class='ocrx_word' id='word_1_384' title='bbox 2235 3587 2496 3665; x_wconf 79' lang='lat' dir='ltr'><strong><em>Seyffert</em></strong></span> <span class='ocrx_word' id='word_1_385' title='bbox 2549 3619 2638 3630; x_wconf 92' lang='lat'><strong><em>—-</em></strong></span> <span class='ocrx_word' id='word_1_386' title='bbox 2693 3590 2746 3648; x_wconf 78' lang='lat' dir='ltr'><strong><em>si</em></strong></span> 
     </span>
     <span class='ocr_line' id='line_1_38' title="bbox 386 3668 2745 3756; baseline -0 -19"><span class='ocrx_word' id='word_1_387' title='bbox 386 3677 518 3743; x_wconf 80' lang='lat' dir='ltr'><strong><em>sim,</em></strong></span> <span class='ocrx_word' id='word_1_388' title='bbox 564 3677 665 3750; x_wconf 77' lang='lat' dir='ltr'><strong><em>qui</em></strong></span> <span class='ocrx_word' id='word_1_389' title='bbox 707 3677 907 3748; x_wconf 78' lang='lat' dir='ltr'><strong><em>fuerat</em></strong></span> <span class='ocrx_word' id='word_1_390' title='bbox 955 3668 1039 3755; x_wconf 87' lang='lat' dir='ltr'><strong><em>(si</em></strong></span> <span class='ocrx_word' id='word_1_391' title='bbox 1081 3677 1272 3750; x_wconf 79' lang='lat' dir='ltr'><strong><em>inquit</em></strong></span> <span class='ocrx_word' id='word_1_392' title='bbox 1313 3677 1513 3748; x_wconf 79' lang='lat' dir='ltr'><strong><em>fuerat</em></strong></span> <span class='ocrx_word' id='word_1_393' title='bbox 1553 3668 1857 3756; x_wconf 63' lang='lat' dir='ltr'><strong><em>Hdschr.)</em></strong></span> <span class='ocrx_word' id='word_1_394' title='bbox 1954 3678 2054 3737; x_wconf 84' lang='lat'><strong><em>14.</em></strong></span> <span class='ocrx_word' id='word_1_395' title='bbox 2098 3674 2236 3751; x_wconf 90' lang='lat' dir='ltr'><strong><em>[Ita</em></strong></span> <span class='ocrx_word' id='word_1_396' title='bbox 2287 3680 2359 3749; x_wconf 74' lang='lat' dir='ltr'><strong><em>fit</em></strong></span> <span class='ocrx_word' id='word_1_397' title='bbox 2408 3681 2476 3736; x_wconf 82' lang='lat' dir='ltr'><strong><em>ut</em></strong></span> <span class='ocrx_word' id='word_1_398' title='bbox 2517 3679 2745 3750; x_wconf 78' lang='lat' dir='ltr'><strong><em>fortitu-</em></strong></span> 
     </span>
     <span class='ocr_line' id='line_1_39' title="bbox 387 3761 2746 3840; baseline 0 -15"><span class='ocrx_word' id='word_1_399' title='bbox 387 3767 514 3825; x_wconf 81' lang='lat' dir='ltr'><strong><em>dim&#39;</em></strong></span> <span class='ocrx_word' id='word_1_400' title='bbox 550 3764 847 3839; x_wconf 71' lang='lat' dir='ltr'><strong><em>aeqritudo</em></strong></span> <span class='ocrx_word' id='word_1_401' title='bbox 882 3761 1192 3839; x_wconf 76' lang='lat' dir='ltr'><strong><em>repuynet]</em></strong></span> <span class='ocrx_word' id='word_1_402' title='bbox 1227 3763 1440 3840; x_wconf 86' lang='lat' dir='ltr'><strong><em>Heine,</em></strong></span> <span class='ocrx_word' id='word_1_403' title='bbox 1477 3782 1593 3824; x_wconf 85' lang='lat' dir='ltr'><strong><em>von</em></strong></span> <span class='ocrx_word' id='word_1_404' title='bbox 1629 3762 1840 3824; x_wconf 74' lang='lat' dir='ltr'><strong><em>Baiter</em></strong></span> <span class='ocrx_word' id='word_1_405' title='bbox 1876 3764 2029 3825; x_wconf 87' lang='lat' dir='ltr'><strong><em>ohne</em></strong></span> <span class='ocrx_word' id='word_1_406' title='bbox 2067 3763 2436 3828; x_wconf 80' lang='lat' dir='ltr'><strong><em>Klammern.</em></strong></span> <span class='ocrx_word' id='word_1_407' title='bbox 2515 3768 2615 3826; x_wconf 85' lang='lat'><strong><em>26.</em></strong></span> <span class='ocrx_word' id='word_1_408' title='bbox 2654 3783 2746 3825; x_wconf 90' lang='grc' dir='ltr'><strong><em>3ο-</em></strong></span> 
     </span>
    </p>
   </div>
   <div class='ocr_carea' id='block_1_12' title="bbox 388 3848 2870 3929">
    <p class='ocr_par' dir='ltr' id='par_1_13' title="bbox 388 3848 2870 3929">
     <span class='ocr_line' id='line_1_40' title="bbox 388 3848 2870 3929; baseline 0 -15"><span class='ocrx_word' id='word_1_409' title='bbox 388 3871 492 3914; x_wconf 85' lang='lat' dir='ltr'><strong><em>cru</em></strong></span> <span class='ocrx_word' id='word_1_410' title='bbox 536 3853 795 3929; x_wconf 74' lang='lat' dir='ltr'><strong><em>Bentley</em></strong></span> <span class='ocrx_word' id='word_1_411' title='bbox 840 3883 929 3895; x_wconf 92' lang='lat'>—</span> <span class='ocrx_word' id='word_1_412' title='bbox 973 3869 1151 3914; x_wconf 87' lang='lat' dir='ltr'><strong><em>socr0.</em></strong></span> <span class='ocrx_word' id='word_1_413' title='bbox 1223 3854 1355 3913; x_wconf 73' lang='lat' dir='ltr'><strong><em>ilico</em></strong></span> <span class='ocrx_word' id='word_1_414' title='bbox 1401 3855 1530 3913; x_wconf 86' lang='lat' dir='ltr'><strong><em>istic</em></strong></span> <span class='ocrx_word' id='word_1_415' title='bbox 1573 3848 1825 3913; x_wconf 84' lang='lat' dir='ltr'><strong><em>Hdsehr.</em></strong></span> <span class='ocrx_word' id='word_1_416' title='bbox 1875 3885 1960 3896; x_wconf 90' lang='lat'><strong><em>-—</em></strong></span> <span class='ocrx_word' id='word_1_417' title='bbox 2005 3854 2139 3913; x_wconf 86' lang='lat' dir='ltr'><strong><em>ilico</em></strong></span> <span class='ocrx_word' id='word_1_418' title='bbox 2183 3856 2368 3914; x_wconf 87' lang='lat' dir='ltr'><strong><em>istinc.</em></strong></span> <span class='ocrx_word' id='word_1_419' title='bbox 2443 3858 2608 3913; x_wconf 83' lang='lat' dir='ltr'><strong><em>tanta</em></strong></span> <span class='ocrx_word' id='word_1_420' title='bbox 2651 3858 2746 3914; x_wconf 82' lang='lat' dir='ltr'><strong><em>vis</em></strong></span> <span class='ocrx_word' id='word_1_421' title='bbox 2866 3912 2870 3925; x_wconf 77' lang='grc'>,</span> 
     </span>
    </p>
   </div>
   <div class='ocr_carea' id='block_1_13' title="bbox 385 3935 2748 4284">
    <p class='ocr_par' dir='ltr' id='par_1_14' title="bbox 385 3935 2748 4284">
     <span class='ocr_line' id='line_1_41' title="bbox 386 3935 2748 4022; baseline 0.001 -23"><span class='ocrx_word' id='word_1_422' title='bbox 386 3942 637 4021; x_wconf 67' lang='grc' dir='ltr'><strong>Ηᾶεοὴζ.</strong></span> <span class='ocrx_word' id='word_1_423' title='bbox 696 3935 862 4022; x_wconf 90' lang='lat' dir='ltr'>(Vgl.</span> <span class='ocrx_word' id='word_1_424' title='bbox 891 3940 1158 4001; x_wconf 83' lang='lat' dir='ltr'><strong><em>Ribbeck</em></strong></span> <span class='ocrx_word' id='word_1_425' title='bbox 1194 3944 1269 4000; x_wconf 78' lang='lat' dir='ltr'><strong><em>tr.</em></strong></span> <span class='ocrx_word' id='word_1_426' title='bbox 1300 3941 1407 4001; x_wconf 78' lang='lat' dir='ltr'>lat.</span> <span class='ocrx_word' id='word_1_427' title='bbox 1435 3942 1542 4001; x_wconf 85' lang='lat' dir='ltr'><strong><em>reL</em></strong></span> <span class='ocrx_word' id='word_1_428' title='bbox 1579 3961 1635 4016; x_wconf 90' lang='lat' dir='ltr'><strong><em>p.</em></strong></span> <span class='ocrx_word' id='word_1_429' title='bbox 1676 3935 1790 4022; x_wconf 88' lang='lat'><strong><em>59)</em></strong></span> <span class='ocrx_word' id='word_1_430' title='bbox 1821 3973 1905 3984; x_wconf 94' lang='lat'>—</span> <span class='ocrx_word' id='word_1_431' title='bbox 1935 3960 2058 4002; x_wconf 88' lang='lat' dir='ltr'><strong><em>meo</em></strong></span> <span class='ocrx_word' id='word_1_432' title='bbox 2113 3947 2277 4003; x_wconf 75' lang='lat' dir='ltr'><strong><em>tosnta</em></strong></span> <span class='ocrx_word' id='word_1_433' title='bbox 2329 3945 2433 4003; x_wconf 84' lang='lat' dir='ltr'><strong><em>vis.</em></strong></span> <span class='ocrx_word' id='word_1_434' title='bbox 2540 3944 2638 4003; x_wconf 84' lang='lat'><strong><em>38.</em></strong></span> <span class='ocrx_word' id='word_1_435' title='bbox 2695 3948 2748 4002; x_wconf 81' lang='lat' dir='ltr'><strong><em>ct</em></strong></span> 
     </span>
     <span class='ocr_line' id='line_1_42' title="bbox 385 4029 2744 4092; baseline 0 -3"><span class='ocrx_word' id='word_1_436' title='bbox 385 4047 489 4090; x_wconf 91' lang='lat' dir='ltr'><strong><em>nec</em></strong></span> <span class='ocrx_word' id='word_1_437' title='bbox 532 4035 768 4089; x_wconf 84' lang='lat' dir='ltr'><strong><em>mortem</em></strong></span> <span class='ocrx_word' id='word_1_438' title='bbox 802 4029 997 4090; x_wconf 87' lang='lat' dir='ltr'><strong><em>Heine</em></strong></span> <span class='ocrx_word' id='word_1_439' title='bbox 1034 4062 1120 4075; x_wconf 84' lang='lat'><strong><em>—-</em></strong></span> <span class='ocrx_word' id='word_1_440' title='bbox 1156 4047 1259 4090; x_wconf 90' lang='lat' dir='ltr'><strong><em>nec</em></strong></span> <span class='ocrx_word' id='word_1_441' title='bbox 1297 4035 1553 4092; x_wconf 80' lang='lat' dir='ltr'><strong><em>mortem,</em></strong></span> <span class='ocrx_word' id='word_1_442' title='bbox 1648 4032 1752 4090; x_wconf 88' lang='lat'><strong><em>41.</em></strong></span> <span class='ocrx_word' id='word_1_443' title='bbox 1799 4032 2006 4091; x_wconf 81' lang='lat' dir='ltr'><strong><em>auditu</em></strong></span> <span class='ocrx_word' id='word_1_444' title='bbox 2043 4049 2072 4091; x_wconf 92' lang='lat' dir='ltr'><strong><em>e</em></strong></span> <span class='ocrx_word' id='word_1_445' title='bbox 2108 4033 2371 4091; x_wconf 76' lang='lat' dir='ltr'><strong><em>cantibus</em></strong></span> <span class='ocrx_word' id='word_1_446' title='bbox 2418 4030 2621 4091; x_wconf 85' lang='lat' dir='ltr'><strong><em>Soroff</em></strong></span> <span class='ocrx_word' id='word_1_447' title='bbox 2654 4063 2744 4074; x_wconf 96' lang='lat'>—</span> 
     </span>
     <span class='ocr_line' id='line_1_43' title="bbox 388 4117 2746 4196; baseline 0 -18"><span class='ocrx_word' id='word_1_448' title='bbox 388 4120 595 4179; x_wconf 71' lang='lat' dir='ltr'><strong><em>audita</em></strong></span> <span class='ocrx_word' id='word_1_449' title='bbox 647 4124 701 4178; x_wconf 86' lang='lat' dir='ltr'><strong><em>et</em></strong></span> <span class='ocrx_word' id='word_1_450' title='bbox 752 4121 1032 4179; x_wconf 83' lang='lat' dir='ltr'><strong><em>cantibus.</em></strong></span> <span class='ocrx_word' id='word_1_451' title='bbox 1133 4121 1235 4179; x_wconf 88' lang='lat'><strong><em>42.</em></strong></span> <span class='ocrx_word' id='word_1_452' title='bbox 1280 4121 1531 4192; x_wconf 79' lang='lat' dir='ltr'><strong><em>refertus</em></strong></span> <span class='ocrx_word' id='word_1_453' title='bbox 1586 4123 1669 4179; x_wconf 87' lang='lat' dir='ltr'><strong><em>est</em></strong></span> <span class='ocrx_word' id='word_1_454' title='bbox 1722 4117 1982 4196; x_wconf 75' lang='lat' dir='ltr'><strong><em>Seyffert</em></strong></span> <span class='ocrx_word' id='word_1_455' title='bbox 2027 4151 2113 4161; x_wconf 87' lang='lat'><em>-</em></span> <span class='ocrx_word' id='word_1_456' title='bbox 2157 4122 2418 4193; x_wconf 81' lang='lat' dir='ltr'><strong><em>refertus.</em></strong></span> <span class='ocrx_word' id='word_1_457' title='bbox 2534 4120 2638 4180; x_wconf 85' lang='lat'><strong><em>43.</em></strong></span> <span class='ocrx_word' id='word_1_458' title='bbox 2692 4124 2746 4179; x_wconf 86' lang='lat' dir='ltr'><strong><em>et</em></strong></span> 
     </span>
     <span class='ocr_line' id='line_1_44' title="bbox 387 4205 2742 4284; baseline 0.001 -17"><span class='ocrx_word' id='word_1_459' title='bbox 387 4210 553 4268; x_wconf 84' lang='lat' dir='ltr'><strong><em>sertis</em></strong></span> <span class='ocrx_word' id='word_1_460' title='bbox 596 4205 850 4267; x_wconf 81' lang='lat' dir='ltr'><strong><em>Hdschr.</em></strong></span> <span class='ocrx_word' id='word_1_461' title='bbox 898 4237 984 4250; x_wconf 95' lang='lat'>—</span> <span class='ocrx_word' id='word_1_462' title='bbox 1030 4211 1212 4269; x_wconf 89' lang='lat' dir='ltr'><strong><em>sertis.</em></strong></span> <span class='ocrx_word' id='word_1_463' title='bbox 1329 4210 1431 4269; x_wconf 87' lang='grc'><strong>44.</strong></span> <span class='ocrx_word' id='word_1_464' title='bbox 1480 4209 1742 4269; x_wconf 65' lang='lat' dir='ltr'><strong><em>auxilahd</em></strong></span> <span class='ocrx_word' id='word_1_465' title='bbox 1784 4208 2051 4269; x_wconf 86' lang='lat' dir='ltr'><strong><em>Ribbeck</em></strong></span> <span class='ocrx_word' id='word_1_466' title='bbox 2096 4212 2173 4270; x_wconf 77' lang='lat' dir='ltr'><strong><em>tr.</em></strong></span> <span class='ocrx_word' id='word_1_467' title='bbox 2209 4208 2318 4268; x_wconf 74' lang='lat' dir='ltr'><strong><em>lat.</em></strong></span> <span class='ocrx_word' id='word_1_468' title='bbox 2354 4208 2461 4269; x_wconf 82' lang='lat' dir='ltr'><strong><em>rel.</em></strong></span> <span class='ocrx_word' id='word_1_469' title='bbox 2509 4227 2565 4284; x_wconf 90' lang='lat' dir='ltr'><strong><em>p.</em></strong></span> <span class='ocrx_word' id='word_1_470' title='bbox 2609 4209 2742 4269; x_wconf 86' lang='grc'><strong><em>297</em></strong></span> 
     </span>
    </p>
   </div>
   <div class='ocr_carea' id='block_1_14' title="bbox 2866 26 2871 716">
    <p class='ocr_par' dir='ltr' id='par_1_15' title="bbox 2866 26 2871 716">
     <span class='ocr_line' id='line_1_45' title="bbox 2866 26 2871 716; baseline 0 0"><span class='ocrx_word' id='word_1_471' title='bbox 2866 26 2871 716; x_wconf 95' lang='lat' dir='ltr'><strong><em> </em></strong></span> 
     </span>
    </p>
   </div>
   <div class='ocr_carea' id='block_1_15' title="bbox 2862 763 2870 882">
    <p class='ocr_par' dir='ltr' id='par_1_16' title="bbox 2862 721 2870 882">
     <span class='ocr_line' id='line_1_46' title="bbox 2862 763 2870 882; baseline 0 0"><span class='ocrx_word' id='word_1_472' title='bbox 2862 763 2870 882; x_wconf 67' lang='lat'>1</span> 
     </span>
    </p>
   </div>
   <div class='ocr_carea' id='block_1_16' title="bbox 2863 882 2875 4268">
    <p class='ocr_par' dir='ltr' id='par_1_17' title="bbox 2863 882 2875 4268">
     <span class='ocr_line' id='line_1_47' title="bbox 2863 882 2875 4268; baseline 0 0"><span class='ocrx_word' id='word_1_473' title='bbox 2863 882 2875 4268; x_wconf 95' lang='lat' dir='ltr'><strong><em> </em></strong></span> 
     </span>
    </p>
   </div>
   <div class='ocr_carea' id='block_1_17' title="bbox 387 4292 2865 4374">
    <p class='ocr_par' dir='ltr' id='par_1_18' title="bbox 387 4292 2865 4374">
     <span class='ocr_line' id='line_1_48' title="bbox 387 4292 2865 4374; baseline 0.001 -18"><span class='ocrx_word' id='word_1_474' title='bbox 387 4328 476 4338; x_wconf 90' lang='lat'>—</span> <span class='ocrx_word' id='word_1_475' title='bbox 522 4297 756 4357; x_wconf 69' lang='lat' dir='ltr'><strong><em>auxilie.</em></strong></span> <span class='ocrx_word' id='word_1_476' title='bbox 829 4301 935 4357; x_wconf 89' lang='lat' dir='ltr'><strong><em>aut</em></strong></span> <span class='ocrx_word' id='word_1_477' title='bbox 976 4299 1150 4372; x_wconf 72' lang='lat' dir='ltr'><strong><em>fuqae</em></strong></span> <span class='ocrx_word' id='word_1_478' title='bbox 1193 4296 1463 4357; x_wconf 83' lang='lat' dir='ltr'><strong><em>Ribbeck</em></strong></span> <span class='ocrx_word' id='word_1_479' title='bbox 1514 4328 1588 4338; x_wconf 90' lang='lat'>—</span> <span class='ocrx_word' id='word_1_480' title='bbox 1642 4302 1746 4358; x_wconf 89' lang='lat' dir='ltr'><strong><em>aut</em></strong></span> <span class='ocrx_word' id='word_1_481' title='bbox 1797 4299 1957 4374; x_wconf 69' lang='lat' dir='ltr'><strong><em>fuya.</em></strong></span> <span class='ocrx_word' id='word_1_482' title='bbox 2058 4299 2162 4358; x_wconf 87' lang='grc'><strong><em>46.</em></strong></span> <span class='ocrx_word' id='word_1_483' title='bbox 2206 4315 2280 4357; x_wconf 87' lang='lat' dir='ltr'><strong><em>ne</em></strong></span> <span class='ocrx_word' id='word_1_484' title='bbox 2322 4299 2645 4372; x_wconf 73' lang='lat' dir='ltr'><strong><em>intelleqere</em></strong></span> <span class='ocrx_word' id='word_1_485' title='bbox 2693 4301 2745 4358; x_wconf 78' lang='lat' dir='ltr'><strong><em>tc</em></strong></span> <span class='ocrx_word' id='word_1_486' title='bbox 2862 4292 2865 4295; x_wconf 48' lang='grc'>“</span> 
     </span>
    </p>
   </div>
  </div>
 </body>
</html>
