2902 4649
263 456 332 505 55
354 452 447 504 est
492 451 553 504 et
598 451 838 505 aeterna
887 436 1018 502 est?

248 1219 338 1346 {⁴}

350 188 440 254 34
1135 184 1211 240 M.
1250 182 1498 240 TULLII
1536 183 1921 269 CICERONIS

354 373 474 416 una
519 373 592 415 ex
639 352 915 414 omnihus
963 370 1114 432 quae
1162 371 1227 412 se
1272 353 1401 431 ipsa
1449 350 1743 431 [semper]
1791 359 2049 431 moveat,
2105 370 2301 431 neque
2356 360 2491 413 nata
2538 361 2709 415 certe

1110 439 1278 502 Licet
1324 448 1688 502 concurrant
1733 459 1940 501 omnes
1985 440 2205 519 plebeii
2241 441 2578 521 philosophi
2616 475 2708 485 —

353 534 441 594 sic
488 534 645 593 enim
692 533 762 613 ii,
819 533 923 610 qni
967 549 999 590 a
1045 528 1291 590 Platone
1340 537 1400 590 et
1447 529 1692 589 Socrate
1749 537 1811 590 et
1865 529 1937 590 ab
1995 547 2064 590 ea
2118 529 2337 592 familia
2391 530 2705 612 dissident,

353 619 686 701 appellandi
721 619 998 681 videntur
1040 651 1141 699 —,
1187 636 1306 678 non
1356 619 1531 679 modo
1580 617 1726 678 nihil
1772 637 2054 698 umquam
2100 628 2220 680 tam
2266 619 2569 699 eleganter
2605 638 2706 681 ex-

350 709 683 790 plicabunt,
729 709 836 771 sed
882 727 958 769 ne
1004 707 1120 768 hoc
1169 707 1409 787 quidem
1447 710 1646 786 ipsum
1684 726 1861 786 quam
1899 707 2197 769 subtiliter
2234 708 2583 770 conclusum
2624 709 2707 768 sit

353 797 717 878 intellegent.
801 798 998 885 Sentit
1032 797 1217 876 igitur
1253 798 1487 857 animus
1525 814 1590 857 se
1625 797 1880 878 moveri3
1928 796 2087 876 quod
2125 816 2264 858 cum
2301 801 2511 879 sentit,
2556 795 2706 858 illud

352 906 471 949 una
517 890 724 970 sentit,
772 906 836 948 se
884 889 941 947 vi
989 904 1123 966 sua,
1178 904 1299 946 non
1354 885 1545 947 aliena
1600 887 1852 967 moveri,
1908 904 2020 946 nec
2077 885 2347 948 accidere
2402 904 2580 966 posse
2634 893 2708 945 ut

351 979 481 1056 ipse
518 995 802 1056 nmquam
847 993 883 1036 a
927 993 992 1036 se
1038 975 1378 1055 deseratur3
1424 992 1498 1034 ex
1546 992 1664 1055 quo
1707 975 1966 1035 efficitur
2002 977 2350 1036 aeternitas:
2395 976 2511 1036 nisi
2554 973 2705 1054 quid

353 1064 538 1127 habes
583 1066 655 1126 ad
701 1065 865 1126 haec.
958 1065 1026 1125 Α.
1073 1062 1199 1143 Ego
1245 1081 1386 1124 vero
1435 1063 1604 1124 facile
1644 1081 1775 1124 snm
1813 1081 2025 1143 passus
2061 1082 2138 1125 ne
2175 1066 2238 1124 in
2278 1071 2536 1125 mentem
2575 1065 2707 1144 qui-

357 1155 492 1216 dem
537 1154 684 1215 mihi
730 1152 953 1232 aliquid
1002 1161 1211 1213 contra
1256 1154 1488 1228 venire3
1533 1154 1616 1213 ita
1661 1154 1763 1213 isti
1810 1153 1976 1213 faveo
2024 1154 2370 1215 sententiae.

536 1244 621 1304 M.
669 1239 869 1314 Quid?
912 1242 1012 1302 illa
1057 1241 1298 1302 tandem
1342 1258 1488 1302 num
1526 1241 1748 1302 leviora
1783 1259 2020 1323 censes»,
2068 1260 2219 1321 quae
2267 1242 2571 1303 declarant
2614 1243 2707 1302 in-

358 1340 490 1393 ess'e
536 1334 599 1392 in
647 1334 859 1393 animis
893 1330 1213 1391 'hominum
1249 1330 1445 1390 diviua
1493 1327 1823 1409 quaedam?
1868 1348 2020 1410 quae
2068 1333 2121 1392 si
2165 1349 2478 1392 cernerem
2526 1348 2708 1410 quem

354 1420 427 1481 ad
464 1420 708 1482 modum
745 1422 911 1481 nasci
946 1429 1220 1500 possent,
1257 1421 1435 1480 etiam
1475 1437 1652 1498 quem
1691 1418 1764 1479 ad
1801 1418 2046 1480 modum
2076 1421 2395 1480 interirent
2423 1419 2707 1491 viderem.

351 1509 503 1570 Nam
547 1511 897 1589 sanguinem
940 1507 1123 1569 bilem
1166 1510 1468 1589 pituitam,
1528 1526 1662 1569 ossa
1718 1526 1932 1569 nervos
1989 1526 2192 1590 venas,
2249 1526 2485 1569 omnem
2541 1509 2710 1569 deni·

355 1617 471 1677 que
530 1598 939 1659 membrorum
998 1605 1060 1658 et
1119 1600 1304 1658 totius
1364 1599 1635 1677 corporis
1695 1597 1947 1676 figuram
2001 1597 2208 1658 videor
2260 1616 2437 1677 posse
2503 1596 2710 1658 dicere

353 1687 512 1749 unde
561 1695 840 1748 concreta
886 1694 947 1747 et
995 1705 1113 1766 quo
1161 1686 1337 1747 modo
1385 1685 1537 1747 facta
1584 1687 1732 1751 sint:
1778 1688 2037 1747 animum
2086 1688 2283 1766 ipsum
2326 1720 2410 1729 -—
2460 1689 2512 1747 si
2557 1684 2709 1746 nihil

422 1891 627 1944 semper
672 1875 829 1930 steht
870 1874 1058 1931 weder
1098 1874 1169 1930 de
1203 1891 1264 1929 re

354 1951 386 2012 5
424 1952 520 2014 28,
569 1946 717 2002 noch
761 1945 856 2001 bei
903 1945 1099 2014 Plato,
1143 1944 1295 2016 paret
1331 1946 1476 2000 auch

333 2017 514 2072 ‘nicht
565 2017 626 2072 in
678 2017 786 2073 den
837 2016 1325 2087 Zusammenhang
1378 2016 1476 2071 des

353 2088 670 2155 Sehlusses,
708 2088 783 2143 da.
818 2091 974 2144 sonet
999 2086 1060 2142 in
1087 2087 1216 2143 dem
1234 2086 1475 2143 Vorder-

301 2159 312 2167 ”
354 2162 505 2215 satze
552 2160 727 2216 sehon
772 2159 1027 2214 dasselbe
1070 2162 1271 2229 gesagt
1306 2164 1475 2229 wilre,

351 2230 458 2285 wie
494 2231 557 2286 in
591 2231 692 2286 der
726 2229 1074 2301 Folgerung:
1121 2235 1344 2285 aeterna
1380 2236 1473 2285 est.

425 2306 512 2361 55.
540 2303 744 2372 plebeii
761 2303 1093 2371 philosophi.
1149 2301 1278 2358 Wie
1303 2308 1385 2372 13,
1405 2307 1475 2357 29

354 2373 454 2428 auf
488 2372 579 2428 die
617 2375 840 2442 Getta,
887 2390 950 2429 so
987 2373 1209 2429 werden
1248 2374 1351 2428 auf
1384 2373 1475 2429 die

353 2444 734 2514 Philosophen
778 2445 1109 2499 Ausdriicke
1150 2462 1262 2500 von
1305 2444 1475 2500 romi·-

354 2516 526 2571 schen
570 2513 1178 2571 Staatsverhffltnissen
1219 2516 1474 2571 iibertm·

392 2603 480 2642 en.
555 2586 819 2643 Gemeint
845 2587 971 2641 sind
996 2586 1343 2642 namentlich
1381 2586 1474 2642 die

1302 1892 1356 1944 p.
1396 1875 1477 1929 VI

351 2658 723 2787 effice.
737 2658 1479 2799 '1³20ae‚0.30m22¹‡;..2322.2⁸0⁶.

351 2801 509 2870 sophi
544 2801 771 2857 heil'sen.
1449 2847 1457 2853 .

424 2871 720 2941 eleyanter,
794 2871 945 2943 ‘tien
1048 2871 1478 2941 hilosophisch’.

353 2940 407 2995 11
454 2948 514 3010 2,
563 2949 611 2998 6.
686 2943 755 2997 de
810 2942 902 2999 fin.
949 2944 974 2997 I
1076 2948 1169 3011 10,
1214 2947 1286 2996 24
1338 2959 1480 3012 quae

354 3014 497 3067 enim
561 3015 740 3069 adhuc
796 3015 1115 3082 protulisti,
1167 3014 1479 3083 popularia

353 3090 485 3139 sunt
494 3125 513 3152 ,
569 3101 664 3157 eqo
714 3090 897 3140 autem
950 3102 987 3140 a
1040 3090 1092 3138 te
1145 3085 1480 3155 eleyantiora

353 3157 615 3213 desidero,

425 3227 586 3282 habes
622 3228 698 3282 ad
731 3228 889 3282 haec.-
953 3226 1127 3296 vergi,
1162 3225 1217 3280 II
1257 3232 1352 3295 18,
1390 3232 1476 3282 42.

354 3296 434 3351 111
471 3304 532 3366 9,
573 3305 655 3355 18.
731 3297 808 3353 IV
846 3303 942 3365 20,
980 3303 1068 3353 46.

425 3368 566 3440 Καρ.
606 3370 703 3425 24.
779 3375 863 3425 56.
924 3386 1064 3443 quae
1097 3369 1151 3423 si
1184 3385 1481 3424 cernerem.-

355 3458 459 3493 nur
510 3457 675 3494 wenn
738 3458 869 3496 man
932 3439 1160 3509 wiil'slze,
1223 3440 1330 3494 wie
1385 3440 1478 3496 die

357 3510 518 3566 86616
546 3513 820 3580 entsteht,
857 3513 1069 3566 kbnnte
1098 3529 1230 3566 man
1256 3511 1477 3578 wissen,

356 3580 481 3636 dass
518 3583 597 3638 sie
633 3583 949 3652 antei-geht.
1022 3582 1137 3638 Der
1173 3582 1305 3638 Saebz
1340 3600 1481 3653 quae

354 3654 407 3708 si
451 3669 720 3708 cernerem
764 3655 870 3710 cet.
917 3653 1077 3724 giebt
1131 3654 1241 3708 den
1287 3654 1481 3709 Inhalt

355 3724 454 3780 des
507 3725 617 3781 mit
672 3725 777 3779 illa
829 3724 1244 3796 angedeuteten
1296 3729 1478 3795 Argu-

354 3798 538 3850 menta
575 3813 665 3851 an.
741 3795 853 3851 Cic.
881 3798 1042 3852 hatte
1070 3812 1245 3866 sagen
1272 3797 1472 3851 sollen:

356 3870 578 3923 animus
629 3868 682 3922 si
735 3884 1002 3923 cernerem
1064 3868 1363 3937 quemadm.
1420 3885 1477 3924 n.

347 3944 530 4008 posset
540 3981 557 4007 ,
613 3941 754 3995 statt
808 3940 1005 3994 dessen
1060 3941 1188 4008 sagt
1242 3955 1302 3993 er
1356 3937 1479 3993 dies

354 4028 461 4065 nm·
491 4028 604 4067 von
633 4010 740 4065 den
770 4010 1085 4081 gbttlichen
1110 4009 1177 4062 E·
1223 4010 1480 4065 6116611εὲ-

355 4085 455 4137 ten
484 4083 699 4152 (divina
726 4083 1016 4152 quaedam)
1047 4082 1147 4135 der
1216 4081 1334 4135 6616
1365 4097 1480 4136 aus,

356 4153 623 4209 Derselbe
687 4155 902 4209 Beweis
976 4155 1152 4208 etwas
1227 4150 1481 4207 ausffihr-

357 4224 534 4279 licher
570 4230 600 4291 ξ
640 4231 723 4280 71.

429 4296 581 4351 Nam
613 4296 939 4366 sanquinem
976 4296 1081 4352 cet.
1158 4294 1269 4351 Cic.
1308 4294 1412 4350 hat
1447 4301 1480 4349 2

359 4366 715 4422 Platonische
765 4365 1015 4423 Beweise
1064 4366 1324 4423 verwirrt
1366 4367 1483 4421 und

1582 1873 1644 1929 in
1682 1875 1844 1929 einen
1880 1890 2476 1958 zusammengezogen:
2520 1875 2575 1945 1)
2612 1874 2714 1930 die

1585 1944 1747 2001 86616
1781 1945 1861 2001 ist
1895 1944 2118 2001 einfach
2154 1946 2269 2001 und
2305 1946 2464 2002 nicht
2490 1962 2714 2034 msam:

1582 2018 1945 2176 ἱῖῗνῃξὲἶεῗῶ
1973 2017 2408 2176 gvssffiadgvvf‘vf
2417 2021 2546 2143 ,1Ξαῖ
2573 2022 2707 2172 ἔξε-

1582 2162 1738 2231 &atqu
1803 2178 1926 2214 οντι
1983 2177 2155 2229 φυσει
2213 2179 2484 2229 weogorna
2536 2178 2714 2214 τουτο

1581 2226 1851 2300 πάσχειν,
1904 2231 2276 2301 διαιρεθῆναι
2329 2227 2507 2318 ταύτῃ
2559 2224 2714 2301 ᾗπερ

1583 2297 1891 2373 {vva-tien·
1958 2300 2014 2358 εἰ
2073 2300 2137 2358 δέ
2202 2323 2257 2358 τι
2315 2320 2582 2373 τυγχανει
2638 2295 2716 2356 ὂν

1582 2370 1935 2442 ἄξύνθετον,
1990 2369 2170 2447 τούτῳ
2226 2370 2381 2445 μόνῳ
2437 2369 2719 2443 abominer.

1583 2442 1659 2515 μὴ
1697 2441 1939 2515 πάσχειν
1970 2446 2181 2514 ταῦτα,
2218 2448 2377 2512 εἴπερ
2414 2465 2492 2518 τῳ
2528 2440 2716 2512 ἄλλως

1584 2519 1639 2586 2)
1703 2516 1796 2572 die
1858 2517 2295 2586 Eigenschaften
2363 2517 2463 2571 der
2527 2498 2716 2584 866Ῐ6,

1583 2587 1930 2643 namentlich
1977 2588 2069 2642 die
2114 2582 2454 2658 ἀνάμνησις,
2500 2587 2715 2642 bewei-

1584 2676 1684 2714 sen
1711 2659 1803 2715 die
1830 2658 2328 2715 Unsterblichkeit.
2397 2657 2483 2713 Pl.
2511 2658 2718 2713 Phado

1585 2748 1641 2800 p.
1683 2736 1811 2786 73a..
1888 2730 2039 2785 statt
2092 2747 2168 2785 an
2221 2730 2331 2785 den
2390 2730 2518 2785 Satz
2579 2746 2717 2784 san-

1584 2803 1805 2871 quinem
1832 2831 1900 2841 —
1920 2802 2074 2868 facta
2099 2803 2213 2856 sint
2239 2799 2684 2856 anzuschliessen
2697 2823 2715 2855 ε

1590 2872 1725 2927 ‘von
1760 2872 1860 2926 der
1897 2873 2056 2927 Seele
2092 2873 2246 2927 kann
2281 2890 2415 2927 man
2451 2873 2720 2941 dagegen

1587 2943 1747 2997 nicht
1783 2959 1980 3014 engen,
2019 2943 2141 2998 dass
2178 2944 2257 2999 sie
2286 2959 2716 3025 zusammenge-

1587 3017 1733 3069 setzt
1784 3016 1891 3083 sei,
1951 3014 2186 3086 folglich
2241 3014 2395 3069 kann
2449 3016 2531 3069 sie
2589 3014 2719 3069 elch

1587 3085 1733 3140 auch
1768 3085 1929 3141 nicht
1958 3085 2025 3139 «in
2059 3087 2181 3141 ihre
2214 3084 2373 3141 Teile
2409 3085 2717 3153 auflfisen’,

1588 3154 1840 3212 schliefst
1867 3155 1980 3212 Cic.
2009 3174 2083 3211 an
2119 3157 2228 3211 den
2247 3157 2584 3212 Vordersatz
2621 3172 2716 3215 60·-

1587 3226 1772 3297 gleich
1809 3228 1918 3282 den
1954 3227 2192 3283 zweiten
2227 3228 2442 3283 Beweis
2478 3244 2569 3283 an.

1623 3370 1635 3382 ·
1655 3300 1984 3382 sanqu‘nem
2009 3330 2078 3339 -—
2105 3301 2292 3382 yideor
2320 3316 2480 3369 posse
2507 3300 2722 3381 dicere.-

1587 3370 2720 3511 ἓέἶέἕζὲξέθῗηῗὲἓέἒοᾝῗὲῖἱῖἒῗξ

1587 3513 1715 3580 das,
1752 3529 1870 3567 was
1912 3510 2149 3595 SubJekt
2192 3513 2291 3567 des
2325 3513 2716 3568 Nebensatzes

1588 3582 1710 3637 sein
1745 3584 1936 3651 sollte,
1972 3583 2115 3638 wud
2141 3583 2229 3638 als
2258 3583 2469 3654 objekt
2502 3585 2563 3639 in
2601 3583 2721 3638 den

1587 3652 1896 3724 Hauptsatz
1930 3671 2194 3726 gezogen.
2269 3655 2339 3710 de
2377 3653 2469 3711 off.
2506 3654 2589 3709 111
2623 3659 2722 3720 29,

1590 3731 1694 3780 104
1729 3742 1842 3781 non
1877 3727 1992 3793 fuit
2028 3726 2254 3804 Iupiter
2288 3728 2608 3782 metuendus
2642 3742 2724 3780 ne

1586 3798 1768 3852 iratus
1801 3802 2044 3853 noceret..
2098 3797 2174 3852 ad
2207 3796 2339 3854 fam.
2379 3797 2511 3853 VIII
2550 3804 2636 3864 10,
2679 3803 2736 3851 3-

1586 3870 1733 3923 nosti
1770 3870 2103 3923 Marcellum
2136 3886 2301 3939 quam
2335 3870 2533 3924 tardus
2566 3870 2656 3922 sit.

1657 3941 1904 3998 animum
1956 3942 2153 4010 speum.
2229 3941 2337 3996 Um
2389 3940 2481 3996 die
2532 3938 2726 3995 Stelle

1588 4028 1657 4064 zu
1690 4012 2012 4078 verat-eheu,
2050 4010 2194 4065 mufs
2230 4028 2362 4066 man
2397 4008 2732 4066 Rfioksicht

1587 4082 1828 4138 nehmen
1863 4082 1966 4137 auf
1988 4083 2080 4137 die
2108 4083 2352 4138 stoische
2380 4081 2728 4152 Einteilung

1590 4152 1689 4208 der
1722 4154 1904 4237 Dinge
1938 4154 1999 4209 in
2034 4154 2572 4224 unorganische,
2611 4150 2730 4208 die

1515 4259 1525 4268 ·
1590 4224 1765 4280 durch
1812 4224 1901 4280 dle
1952 4219 2088 4294 ψιλὴ
2147 4222 2287 4292 ἕξις,
2350 4225 2728 4293 Pflanzen‚

1591 4294 1680 4350 die
1699 4296 1875 4351 durch
1894 4296 1987 4352 die
2014 4292 2208 4365 φύσις,
2239 4301 2467 4362 natum,
2493 4309 2731 4349 zusam-

1589 4367 1985 4435 mengehalten
2000 4366 2222 4422 werden
2234 4407 2249 4434 ,
2279 4367 2325 4422 Τ
2337 4366 2398 4421 ie
2410 4385 2437 4419 r
2449 4381 2479 4419 e
2491 4408 2505 4435 ,
2524 4365 2735 4423 denen
