2902 4649
522 150 1125 208 TUSCULANARUM
1160 150 1770 209 DISPUTATIONUM
1806 152 1902 207 IV.
1941 159 2173 208 29-32.
2443 152 2529 217 67

194 320 289 382 Est
330 328 522 382 autem
561 319 851 400 quaedam
890 321 1072 381 animi
1111 320 1358 400 sanitaS,
1406 338 1557 399 quae
1605 322 1668 381 iu
1704 307 2088 399 insipientem
2127 320 2304 382 etiam
2344 319 2531 402 cadat,

203 428 324 471 cum
386 411 691 470 curatione
758 408 1129 469 medicorum
1203 407 1583 469 conturbatio
1655 410 1874 470 mentis
1940 409 2226 470 aufertur.
2318 407 2395 470 Et
2464 416 2532 470 ut
2549 423 2615 471 31

193 500 439 579 corporis
486 506 580 559 est
624 497 912 578 quaedam
960 504 1095 577 apta
1141 497 1329 577 figura
1366 496 1775 558 membrorum
1825 515 1961 558 cum
2009 496 2228 559 coloris
2276 497 2530 578 quadam

191 589 455 649 suavitate
501 604 691 667 eaque
740 586 960 647 dicitur
1006 585 1418 667 pulchritudo,
1476 588 1563 646 sic
1608 588 1671 646 in
1719 588 1914 647 animo
1971 588 2317 666 opinionum
2375 586 2528 647 iudi-

188 678 516 755 ciorumque
589 674 978 755 aequabilitas
1053 682 1115 736 et
1187 676 1521 737 constantia
1586 692 1725 735 cum
1789 675 2069 737 firmitate
2141 675 2392 754 quadam
2469 683 2528 736 et

189 764 486 826 stabilitate
543 766 826 826 virtutem
886 763 1260 842 subsequens
1320 771 1425 825 aut
1482 765 1724 825 virtutis
1783 765 1901 824 vim
1960 765 2150 844 ipsam
2213 766 2526 825 continens

183 852 546 932 pulchritudo
594 859 855 914 vocatur.
947 851 1217 932 Itemque
1272 851 1502 913 viribus
1563 854 1837 932 corporis
1897 859 1958 913 et
2020 853 2220 913 nervis
2281 860 2342 913 et
2401 852 2526 913 effi-

186 943 400 1003 cacitati
460 940 685 1003 similes
745 940 1040 1002 similibus
1101 959 1340 1021 quoque
1400 940 1603 1002 verbis
1663 943 1846 1002 animi
1907 943 2063 1001 vires
2124 943 2525 1001 nominantur.

184 1027 456 1092 velocitas
503 1037 703 1092 autem
754 1031 1024 1110 corporis
1085 1038 1145 1092 et
1202 1029 1478 1091 celeritas
1536 1029 1894 1111 appellatur,
1957 1047 2106 1108 quae
2169 1029 2376 1092 eadem
2438 1031 2525 1090 iu-

183 1120 326 1199 genii
387 1122 565 1181 etiam
626 1119 756 1180 laus
819 1118 1075 1180 habetur
1138 1119 1386 1200 propter
1450 1120 1632 1179 animi
1697 1118 2018 1180 multarum
2084 1136 2288 1179 rerum
2353 1117 2524 1178 brevi

185 1214 431 1289 tempore
480 1211 948 1288 percursionem.

339 1296 489 1358 Illud
541 1299 875 1358 animorum
930 1313 1373 1376 corporumque
1429 1295 1748 1377 dissimile,
1803 1296 1963 1375 quod
2018 1298 2198 1356 animi
2254 1293 2519 1356 valentes
2544 1302 2630 1364 14

180 1384 371 1446 morbo
416 1388 700 1466 temptari
735 1404 856 1446 non
893 1393 1174 1466 possunt,
1221 1402 1473 1465 corpora
1510 1393 1791 1466 possunt,
1829 1383 1935 1445 sed
1974 1401 2298 1464 corporum
2336 1384 2517 1444 offen-

177 1474 357 1534 siones
401 1476 531 1536 sine
578 1473 751 1555 culpa
799 1475 1069 1536 accidere
1125 1480 1406 1556 possunt,
1466 1476 1803 1535 animorum
1859 1490 1979 1534 non
2033 1475 2207 1554 item,
2264 1489 2521 1551 quorum

176 1579 362 1624 omnes
408 1563 607 1624 morbi
652 1571 712 1624 et
757 1561 1240 1643 perturbationes
1295 1580 1369 1623 ex
1426 1563 1843 1643 aspernatione
1898 1563 2148 1622 rationis
2206 1563 2518 1643 eveniunt3

177 1651 360 1730 itaque
403 1653 471 1712 in
516 1651 860 1712 hominibus
907 1651 1099 1712 solum
1149 1653 1474 1732 exsistunt3
1536 1669 1672 1711 nam
1718 1649 1944 1711 bestiae
1994 1649 2185 1710 simile
2244 1649 2523 1730 quiddam

178 1737 407 1822 faciunt,
456 1740 562 1801 sed
620 1742 684 1801 in
739 1739 1224 1820 perturbationes
1280 1757 1401 1801 non
1457 1740 1747 1801 incidunt.
1838 1738 2005 1799 Int'er
2059 1747 2266 1800 acutos
2324 1746 2523 1800 autem
2543 1761 2612 1810 32

237 1910 339 1966 Est
395 1917 579 1967 autem
634 1911 906 1981 quaedam
946 1914 1052 1966 cet.
1126 1910 1290 1965 Nach

178 1979 266 2035 der
333 1929 669 2052 popularenq
713 1982 1082 2063 Vorstellung
1163 1981 1292 2036 sind

175 2051 272 2106 alle
332 2052 579 2124 gesund,
654 2053 869 2108 welche
943 2052 1104 2107 nieht
1177 2069 1288 2107 von

178 2094 764 2180 Geisteskramk’heiten
801 2122 1062 2178 behaftet
1099 2123 1241 2178 sind.

238 2210 354 2249 cum
381 2227 447 2236 —
484 2195 765 2263 aufertur,
801 2194 1018 2250 welche
1056 2193 1288 2249 allemal

174 2262 308 2319 daun
334 2267 616 2333 entsteht,
647 2282 811 2321 wenn
836 2265 1108 2337 beseitigt
1129 2263 1285 2319 wird.

174 2334 403 2393 Deshalb
443 2339 603 2393 steht
640 2339 741 2393 das
778 2339 1034 2393 Priisens.

231 2414 313 2464 31.
348 2410 431 2464 Et
472 2414 537 2464 ut
572 2411 835 2478 eorporis.
912 2408 1070 2465 Stob.
1098 2407 1203 2463 ecl.
1231 2407 1287 2461 ΙΙ
1322 2399 1335 2411 “

171 2494 217 2545 p.
271 2485 368 2535 110
423 2499 612 2549 ωςπερ
675 2499 736 2535 τε
804 2475 868 2533 τὸ
927 2474 1130 2541 καλλος
1183 2480 1287 2533 τοῦ

173 2545 412 2618 σώματός
456 2546 577 2606 ἐστι
614 2552 924 2638 συμμετρία
960 2551 1072 2604 τῶν
1102 2550 1287 2636 μελῶν

171 2619 538 2676 καθεστώτων
575 2616 731 2694 αὐτῷ
769 2616 912 2708 ugos
959 2616 1173 2708 ἄλληλά
1223 2638 1285 2674 τε

171 2690 259 2745 καὶ
289 2691 433 2776 Ξιρός
471 2690 539 2748 τὸ
579 2677 742 2762 3204,
780 2712 927 2747 ουτω
956 2691 1056 2746 καὶ
1082 2688 1146 2746 τὸ
1185 2691 1288 2761 τῆς

173 2763 346 2846 ψυχῆς
394 2760 601 2826 κάλλος
652 2734 770 2817 ἐστὶ
821 2763 1130 2832 συμμετρία
1181 2762 1286 2816 τοῦ

169 2827 327 2902 λόγου
363 2855 415 2893 κ.
452 2855 501 2891 τ.
541 2838 586 2889 λ.
662 2835 790 2904 Vgl.
820 2835 890 2888 de
920 2833 1282 2903 off.128,98.

232 2905 481 2962 virtuoem
518 2905 844 2974 subsequens
880 2910 980 2960 aut
1016 2906 1151 2973 cet„
1160 2874 1283 2959 die

170 2974 442 3031 entweder
497 2976 624 3031 eine
673 2976 852 3046 Folge
907 2976 1009 3030 der
1044 2974 1282 3045 Tugend

169 3044 250 3098 ist
286 3047 422 3103 oder
477 3048 581 3102 das
628 3046 833 3102 Wesen
888 3047 988 3101 der
1041 3046 1282 3117 Tugend

169 3115 332 3171 selbst
373 3118 435 3173 in
482 3117 607 3174 sich
652 3116 921 3173 schliesst.
996 3117 1067 3172 de
1115 3116 1207 3172 off.
1254 3116 1282 3170 I

168 3191 247 3255 27,
281 3194 351 3243 94
391 3190 678 3260 Quidquid
719 3195 798 3243 est
831 3190 976 3244 enim
1010 3190 1157 3257 quod
1192 3190 1284 3243 de-

169 3264 301 3324 ceat,
353 3261 417 3315 id
467 3265 587 3314 tum
640 3264 904 3330 apparet,
957 3276 1081 3314 cum
1132 3265 1285 3314 ante-

165 3343 339 3396 qressa
372 3326 453 3386 est
486 3332 754 3387 honestas.

230 3402 481 3486 velocitas
546 3432 614 3443 -
678 3408 730 3457 et
794 3402 1042 3456 celeritas
1104 3402 1282 3470 appel.

171 3469 431 3527 ‘’Behen
477 3473 602 3527 keit
676 3473 776 3528 des
850 3472 1094 3542 Korpers
1167 3471 1284 3526 und

168 3539 449 3623 Schnellig
491 3543 568 3598 eit
588 3542 762 3599 helsst
787 3543 881 3599 die
897 3543 1282 3612 Eigenschaft,

167 3611 250 3667 die
311 3615 432 3669 sich
498 3615 705 3670 ebenso
761 3615 846 3669 als
903 3613 1127 3683 Vorzug
1182 3614 1283 3668 der

168 3681 317 3738 Seele
353 3686 572 3742 findet'.
647 3687 924 3756 appellari
959 3687 1038 3739 ist
1074 3686 1281 3740 ebenso

167 3755 495 3823 gebi-sucht,
530 3757 639 3813 wie
676 3758 701 3811 I
739 3763 801 3824 9,
849 3762 917 3811 21
964 3758 1285 3826 frustraque

167 3828 434 3883 animalia
504 3834 553 3883 et
615 3798 928 3884 animantes
990 3828 1279 3898 amellari.

169 3896 238 3950 ad
272 3898 389 3954 Ata
428 3898 457 3953 I
497 3905 580 3968 16,
620 3906 689 3955 10
726 3899 927 3970 Reyem
962 3900 1226 3968 appellas.

232 3969 519 4026 brevitem
621 3988 649 4027 e
675 3971 1100 4040 percursionem.
1177 3967 1284 4023 Mit

168 4036 288 4094 dem
324 4040 480 4097 Verb
538 4043 858 4097 substantiis
919 4041 1074 4095 kann
1139 4039 1284 4095 auch

168 4107 253 4165 ein
296 4113 640 4182 temporaler
678 4111 911 4169 Ablativ
956 4111 1283 4167 verbunden

168 4182 404 4240 werden.
490 4185 609 4239 Liv.
662 4184 794 4240 XXI
832 4190 919 4251 16,
956 4189 990 4237 2
1041 4187 1120 4237 tot
1169 4197 1283 4236 uno

167 4255 393 4320 tempore
427 4256 662 4310 motibus
698 4257 875 4310 animi
908 4255 1137 4309 turbati.

231 4323 370 4394 Καρ.
431 4324 527 4382 14.
602 4327 780 4381 animi
840 4327 1090 4381 valentes.
1176 4324 1283 4379 Die

1399 1910 1637 1980 Tugend
1657 1911 1737 1965 ist
1752 1911 1901 1966 nach
1923 1909 2022 1964 der
2041 1910 2327 1965 stoischen
2344 1909 2526 1963 Lehre

1396 1982 1811 2049 unverlierbar‚
1874 1981 1992 2035 und
2055 1980 2157 2034 der
2212 1978 2375 2035 Geist
2426 1980 2526 2034 des

1399 2052 1657 2120 Weisen,
1734 2051 1833 2106 der
1898 2052 2107 2106 einmal
2171 2051 2352 2120 vollig
2413 2068 2527 2106 von

1398 2123 1642 2178 Fehlem
1668 2122 1877 2178 befreit
1901 2123 2003 2190 ist,
2032 2123 2186 2177 kann
2211 2121 2374 2176 nicht
2398 2121 2524 2175 dar-

1397 2194 1489 2256 ein
1526 2193 1925 2248 zuriickfallen.
1989 2164 2045 2248 ’S.
2084 2192 2138 2246 II
2179 2198 2263 2260 14,
2292 2198 2379 2247 32.
2445 2191 2526 2246 III

1397 2270 1446 2332 5,
1492 2272 1574 2320 11.
1650 2263 1777 2319 Sen.
1818 2280 1901 2335 ep.
1946 2270 2033 2334 72,
2071 2271 2103 2319 6
2141 2263 2267 2318 Hoc
2300 2265 2526 2318 interest

1394 2339 1541 2391 inter
1568 2343 1970 2395 consummatae
1997 2336 2305 2405 sapientiae
2340 2336 2524 2390 virum

1393 2414 1445 2464 et
1483 2410 1658 2463 alium
1678 2409 2050 2477 procedentis,
2087 2409 2235 2492 quod
2262 2408 2408 2462 inter
2433 2422 2523 2462 sa-

1392 2496 1530 2534 num
1565 2485 1616 2534 et
1651 2495 1719 2534 ex
1754 2480 1940 2534 morbo
1983 2480 2146 2549 yravi
2191 2495 2258 2533 ac
2302 2479 2524 2532 diutino

1393 2556 1769 2620 emeryentem,
1826 2552 1920 2605 cui
1967 2551 2230 2604 sanitatis
2280 2551 2395 2605 loco
2445 2554 2524 2603 est

1395 2623 1566 2676 levior
1584 2622 1845 2677 accessio:
1872 2622 1963 2675 hic
1987 2622 2104 2675 nisi
2121 2621 2374 2686 attendit,
2392 2621 2523 2674 sub-

1394 2694 1526 2747 inde
1578 2696 1848 2762 yravatur
1901 2697 1954 2746 et
2005 2693 2071 2746 in
2123 2692 2309 2746 eadem
2350 2692 2521 2745 revol-

1390 2765 1571 2829 vitur,
1616 2764 1838 2831 sapiens
1881 2764 2118 2818 recidere
2163 2778 2278 2817 non
2324 2765 2522 2830 potest,

1390 2851 1461 2889 ne
1508 2835 1751 2889 incidere
1803 2835 2021 2904 quidem
2057 2834 2312 2903 amiplius.
2391 2831 2520 2887 Gor-

1381 2906 1519 2975 pori
1554 2906 1698 2960 enim
1735 2906 1810 2960 ad
1846 2910 2057 2974 tempus
2093 2906 2239 2961 bona
2266 2904 2523 2961 valetudo

1390 2982 1470 3030 est
1504 3006 1572 3016 -
1585 2977 1860 3043 :animus
1905 2977 2063 3031 semel
2106 2977 2171 3031 in
2216 2980 2389 3031 totum
2433 2990 2522 3030 sa-

1391 3052 1580 3102 natur.

1461 3135 1753 3188 corporum
1793 3120 2142 3188 offensiones,
2182 3117 2234 3173 d.
2262 3119 2297 3174 i.
2327 3119 2519 3172 morbi.

1390 3189 1497 3244 Die
1535 3206 1581 3245 c.
1624 3196 1692 3244 10
1728 3208 1782 3245 ιι.
1824 3195 1890 3245 11
1930 3187 2291 3259 ausgestellte
2321 3187 2520 3242 Unter·

1392 3259 1704 3331 scheidung
1784 3261 2062 3316 zwischen
2140 3260 2318 3314 morbi
2399 3256 2516 3312 und

1392 3332 1720 3400 offensiones
1755 3331 1834 3386 ist
1868 3331 1992 3385 hier
2018 3328 2480 3398 vernachlassigt.

1463 3420 1596 3457 nam
1633 3403 1847 3457 bestiae.
1920 3399 2008 3455 Da.
2044 3400 2136 3455 die
2170 3400 2394 3455 Stoiker
2426 3399 2519 3454 die

1390 3472 1865 3528 Leidenschaften
1900 3473 1986 3526 als
2021 3471 2238 3526 falsehe
2266 3470 2518 3526 Vol-stel-

1390 3544 1605 3614 lungen
1641 3544 1914 3611 ansahen‚
1950 3542 2066 3597 und
2103 3542 2269 3597 ihren
2307 3542 2424 3597 Sitz
2459 3541 2549 3603 in⁴

1390 3615 1501 3669 den
1539 3614 1873 3669 denkenden
1902 3614 2024 3669 Tei]
2063 3614 2164 3668 der
2202 3613 2364 3669 Seele
2399 3612 2521 3683 leg·

1388 3687 1514 3755 ten,
1561 3703 1623 3741 so
1659 3683 1907 3740 moseten
1953 3686 2033 3739 sie
2086 3684 2376 3740 dieselben
2410 3631 2520 3739 degn

1390 3756 1596 3813 Tieren
1643 3757 1786 3826 absp
1786 3756 2019 3824 rechen,
2077 3756 2169 3811 die
2215 3755 2520 3811 ahnlichen

1391 3827 1597 3883 Triebe
1635 3829 1736 3883 der
1764 3828 1926 3883 Tiere
1961 3827 2088 3882 sind
2114 3828 2284 3882 natur
2323 3825 2517 3893 οιιιῦΐε,

1388 3899 1485 3953 die
1522 3898 2001 3955 Leidenschaften
2034 3898 2280 3953 natm-wi

1463 3972 1641 4026 simile
1675 3972 1813 4041 quid
1846 3971 2095 4038 faciunt,
2135 3970 2187 4025 d.
2225 3969 2264 4024 i.
2299 3915 2520 4036 figent,

1385 3987 1750 4109 patiunturqu
1779 4041 1895 4098 Das
1944 4040 2283 4123 allgemeine
2339 4041 2520 4108 facere

1391 4114 1645 4183 varitia,
1674 4130 1838 4169 wenn
1866 4112 1958 4168 die
1983 4111 2310 4180 Beziehung
2342 4110 2517 4165 durch

1393 4181 1502 4238 den
1532 4157 2023 4252 Zusammenhang
2059 4183 2185 4236 klar
2220 4181 2321 4250 ist,
2354 4181 2516 4252 jedes

1391 4255 1599 4312 andere
1636 4253 1902 4310 Verbum.
1969 4253 2041 4308 de
2078 4253 2263 4308 div.1
2299 4224 2396 4323 24,
2447 4258 2516 4306 49

1389 4330 1509 4381 tum
1544 4328 1596 4382 ei
1631 4327 1819 4383 ducem
1845 4326 2007 4380 aliem
2037 4324 2405 4394 praecepisse,
2451 4338 2519 4375 ne

2012 4413 2087 4467 5*
