2902 4649
584 127 1185 186 TUSCULANARUM
1222 129 1834 185 DISPUTATIONUM
1870 129 1965 182 III.
2004 134 2232 183 37—41.

2492 127 2582 193 25

316 294 537 358 Hicine
572 305 662 358 est
697 301 796 358 ille
841 297 1148 369 Telamon,
1187 300 1361 359 modo
1399 315 1574 371 quem
1608 297 1814 373 qlo'ria
1853 298 1940 357 ad
1973 299 2209 357 caelum
2245 294 2489 369 extulit,

318 404 492 461 quem
530 385 953 464 aspectabant,
993 384 1170 447 cuius
1208 389 1281 448 ob
1320 403 1386 447 os
1428 387 1610 446 Graii
1646 386 1760 448 ὀνο
1798 382 2194 447 obvertebant
2226 388 2384 445 sua?

231 508 398 580 Quod
450 512 502 571 si
547 513 684 592 cui,
725 519 792 572 ut
837 513 918 571 ait
962 510 1147 592 idem,

2550 525 2771 576 ,400

1487 622 1669 679 simul
1711 616 1949 678 animus
1995 635 2131 678 cum
2177 636 2250 682 re
2295 617 2580 692 concidit,

228 759 261 801 a
308 741 585 821 gravibus
631 743 746 804 illis
794 745 1052 822 antiquis
1097 743 1467 823 philosophis
1513 743 1768 822 petenda
1815 741 2105 803 medicina
2154 750 2271 822 est,
2330 760 2449 802 non
2508 740 2580 802 ab

227 830 322 890 his
386 831 746 910 voluptariis,
841 831 1032 902 Quam
1093 826 1277 893 enim‘
1311 834 1414 892 isti
1477 830 1771 892 honorum
1832 833 2060 910 copiam
2121 827 2373 892 dicunt?
2464 830 2582 891 Fac

229 937 371 980 sane
420 938 551 981 esse
600 938 896 981 summum
945 920 1168 982 bonum
1216 940 1333 981 non
1383 920 1613 1001 dolere,
1659 938 2015 999 quamquam
2062 920 2122 980 id
2171 938 2290 980 non
2337 928 2583 981 vocatur

227 1008 531 1089 voluptas,
578 1010 681 1070 sed
730 1027 849 1070 non
895 1028 1143 1071 necesse
1192 1018 1285 1070 est
1329 1028 1490 1070 nunc
1539 1012 1762 1070 omnia:
1807 1009 1943 1070 idne
1993 1016 2110 1091 est,
2158 1027 2276 1088 quo
2322 1009 2581 1069 traducti

224 1095 456 1158 luctum
503 1095 810 1159 levemus?
903 1098 994 1160 Sit
1039 1117 1180 1159 sane
1238 1117 1537 1159 summum
1594 1098 1812 1159 malum
1869 1097 2099 1159 dolere:
2153 1100 2214 1159 in
2273 1116 2342 1157 eo
2397 1099 2581 1178 igitur

227 1188 335 1265 qui
399 1204 518 1246 non
585 1195 701 1268 est,
769 1190 820 1248 si
883 1187 1035 1249 malo
1097 1195 1322 1269 careat,
1388 1189 1749 1248 continuone
1809 1188 2032 1248 fruitur
2093 1204 2325 1247 summo
2381 1182 2582 1247 hono?

226 1275 387 1346 Quid
436 1279 925 1357 tergiversamur,
980 1276 1266 1358 Epicure,
1321 1295 1433 1357 nec
1491 1276 1747 1337 fatemur
1802 1294 1930 1336 eam
1992 1294 2103 1335 nos
2162 1276 2362 1336 dicere
2418 1276 2577 1336 volu·
2600 1289 2670 1338 41

225 1373 483 1445 ptatem,
540 1383 716 1444 quam
764 1374 830 1427 tu
876 1365 1059 1447 idem,
1116 1384 1252 1426 cum
1301 1384 1369 1425 os
1423 1366 1819 1445 perfricuisti,

1883 1365 2040 1425 soles
2095 1360 2340 1425 dicere?
2431 1364 2584 1425 Sunt

225 1452 378 1513 haec
423 1461 524 1514 tua
568 1454 749 1514 verba
797 1450 1032 1515 necne?
1120 1452 1186 1514 In
1236 1473 1306 1515 eo
1356 1454 1594 1534 quidem
1641 1453 1822 1536 libro,
1884 1456 1985 1533 qui
2034 1456 2300 1515 continet
2347 1472 2582 1514 omnem

225 1541 600 1621 disciplinam
647 1551 835 1624 tuam,
882 1574 970 1587 —
1018 1543 1231 1622 fungar
1268 1545 1424 1604 enim
1465 1546 1581 1603 iam
1618 1545 1967 1622 interpretis
2006 1560 2282 1623 munere,
2329 1559 2404 1603 ne
2448 1544 2584 1622 quis

224 1649 323 1690 me
369 1639 541 1709 putet
585 1632 809 1711 fingere
854 1665 943 1675 --
990 1633 1139 1693 dicis
1184 1632 1358 1693 haec:
1406 1627 1541 1693 ‘nec
1586 1632 1864 1710 equidem
1910 1630 2100 1692 habeo
2148 1631 2306 1710 quod
2356 1631 2583 1692 intelle-

224 1738 364 1799 gam
425 1719 647 1781 bonum
706 1720 878 1802 illud,
939 1721 1260 1782 detrahens
1321 1739 1421 1781 eas
1481 1719 1840 1802 voluptateS,
1906 1738 2057 1799 quae
2119 1737 2330 1798 sapore
2391 1722 2586 1799 perci·

223 1811 505 1889 piuntur,
571 1809 888 1870 detrahens
954 1828 1079 1891 eaS,
1147 1828 1298 1890 quae
1363 1809 1570 1870 auditu
1631 1827 1664 1870 e
1727 1809 2028 1889 cantibus,
2094 1808 2413 1870 detrahens
2481 1827 2579 1870 eas

225 1899 437 1978 etiam,
494 1915 644 1976 quae
693 1916 766 1958 ex
812 1899 1019 1959 formis
1064 1901 1484 1978 percipiuntur
1539 1898 1754 1980 oculis,
1811 1916 2021 1958 suaves
2077 1900 2399 1979 motioneS,
2457 1900 2579 1959 sive

226 2004 383 2066 quae
449 1985 594 2047 aliae
642 1985 972 2066 voluptates
1034 1990 1098 2048 in
1162 1995 1288 2048 toto
1353 1987 1592 2049 homine
1658 1989 1984 2066 gignuntur
2048 1985 2316 2066 quolibet
2381 2005 2580 2048 sensu.

224 2075 355 2136 Nec
392 2094 532 2136 vero
570 2077 652 2136 ita
690 2076 807 2137 dici
844 2084 1043 2156 potest
1078 2077 1296 2137 mentis
1333 2076 1616 2136 laetitiam
1656 2075 1840 2137 solam
1877 2094 2010 2137 esse
2053 2078 2115 2136 in
2153 2075 2343 2137 honis,
2434 2074 2582 2136 Lae—

224 2264 318 2313 e0‚
357 2247 454 2315 qui
489 2247 725 2314 invidet,
770 2248 946 2302 solum
981 2248 1214 2314 dicitur,
1260 2249 1354 2302 sed

224 2320 394 2374 etiam
448 2319 513 2373 in
566 2335 625 2374 eo
634 2359 652 2386 ,
707 2319 800 2374 cui
852 2319 1146 2375 invidetur.
1222 2319 1351 2390 Vgl.

225 2391 278 2445 V
321 2396 382 2456 9,
421 2395 505 2445 24.
581 2396 677 2458 22,
717 2397 800 2447 63.

300 2466 389 2516 40.
426 2462 593 2517 simul
643 2462 863 2518 animus
912 2478 1034 2517 cum
1080 2479 1165 2528 re,
1215 2461 1267 2517 d.
1314 2461 1351 2515 i.

227 2551 357 2590 cum
410 2550 470 2588 re
521 2533 811 2600 familiari.
902 2532 1002 2588 Ov.
1058 2532 1220 2588 Pont.
1277 2532 1356 2585 IV

232 2612 320 2674 12,
360 2609 429 2659 48
465 2609 517 2658 et
550 2620 739 2658 semus
776 2621 899 2659 cum
933 2621 993 2659 re
1038 2605 1354 2659 consilium-

227 2693 336 2747 que
368 2676 532 2746 fugit.
608 2675 731 2729 Ter.
753 2676 894 2731 Eun.
916 2674 970 2728 ΙΙ
1002 2680 1051 2739 2,
1085 2680 1150 2729 10
1186 2677 1354 2730 simul

232 2747 531 2804 consilium
568 2762 689 2800 eum
724 2762 783 2801 re
819 2747 1071 2801 amisisti.

304 2834 575 2873 summum
610 2818 809 2872 bonum
835 2833 951 2871 non
975 2818 1179 2872 dolere.-
1221 2816 1353 2886 Epi·

228 2890 344 2944 kur
379 2888 484 2943 sah
520 2888 630 2942 den
658 2887 846 2957 Gipfel
875 2888 974 2942 der
1000 2889 1141 2942 Lust
1166 2888 1226 2942 in
1254 2887 1354 2942 der

229 2959 793 3029 Schmerzlosigkeit3
827 2958 979 3014 seine
1008 2958 1230 3029 Gegner
1256 2959 1353 3014 be-

229 3032 571 3119 haupteten,
637 3031 738 3085 das
783 3030 993 3085 Wesen
1047 3030 1146 3085 der
1199 3030 1353 3099 Lust,

228 3100 441 3173 ἡδονή,
478 3101 749 3156 bestande
777 3100 977 3156 nicht
962 3119 1022 3154 ιιι
1049 3101 1148 3155 det
1176 3101 1352 3168 Ruhe,

228 3176 342 3230 wie
388 3144 470 3228 si’e
517 3171 610 3227 die
645 3172 895 3227 Freiheit
937 3189 1050 3227 von
1097 3171 1354 3227 Schmerz

275 3245 420 3313 ’ebt,
458 3243 739 3298 sondern
721 3261 782 3298 ιιι
809 3243 909 3297 der
932 3244 1228 3314 Erregung
1254 3243 1354 3298 der

228 3265 420 3374 {lune
479 3315 710 3403 “Epikur
773 3314 865 3369 bei
919 3314 1083 3402 Diog.
1140 3313 1191 3368 X
1250 3321 1351 3369 139

231 3407 369 3457 opos
403 3387 504 3442 τοῦ
554 3385 839 3473 μεγέθους
884 3386 996 3439 τῶν
1041 3381 1269 3453 ἡδονῶν
1313 3383 1350 3455 ἡ

232 3453 453 3521 παντὸς
489 3458 591 3512 τοῦ
629 3452 937 3526 ἀλγοῦντος
977 3451 1348 3525 ὑπεξαίρεσις.

235 3530 510 3599 Dagegen
547 3528 615 3582 de
651 3528 743 3581 fin.
781 3528 834 3582 II
874 3533 924 3596 3,
965 3535 996 3583 6
1033 3530 1362 3598 voluptatem

234 3603 384 3656 hanc
410 3616 518 3656 esse
543 3601 788 3654 sentiunt
814 3614 1021 3666 omncs,
1050 3617 1216 3669 quam
1241 3615 1360 3654 sen-

235 3688 335 3727 sus
369 3672 645 3741 accipiens
670 3675 914 3725 movetwr
941 3676 992 3725 et
1016 3672 1361 3726 iucunditate

238 3744 484 3814 quadam
522 3742 897 3811 perfianditm.

312 3815 529 3879 omnia,
574 3813 819 3868 namlich
828 3814 1131 3910 persequi,
1167 3813 1356 3867 dicere.

312 3887 362 3939 si
396 3886 541 3940 malo
577 3889 787 3950 cao-,eat
828 3883 1014 3938 ‘'wenn
1043 3899 1103 3938 er
1128 3883 1235 3937 mit
1262 3885 1362 3938 der

244 3956 499 4010 Freiheit
533 3972 646 4010 von
675 3925 935 4010 Sclimerz
963 3954 1221 4009 wirklich
1257 3954 1363 4009 frei

237 4044 350 4082 von
378 4013 527 4082 Ubel
555 4025 676 4081 sein
706 4027 913 4082 sollte’.
984 4026 1127 4080 Vom
1158 4024 1361 4080 Stand-

241 4099 460 4168 punkte
499 4098 597 4152 des
627 4096 902 4165 Stoikers‚
942 4097 1043 4152 der
1068 4096 1228 4151 nicht
1255 4097 1364 4152 den

248 4170 536 4238 Schmerz,
587 4186 694 4222 nur
729 4169 831 4223 das
871 4169 1235 4224 Sittlichbose
1272 4169 1364 4222 fflr

242 4239 336 4295 ein
361 4210 536 4297 Ubel
544 4239 793 4306 ansieht,
832 4239 1042 4295 konnte
1074 4238 1187 4294 Cic.
1216 4239 1362 4293 auch

242 4311 365 4367 dies
400 4313 564 4368 nicht,
598 4311 962 4382 zugestehen,
1000 4311 1135 4366 aber
1171 4327 1232 4366 er
1266 4327 1361 4382 ge·

1460 2246 1644 2372 theht
1652 2264 1710 2302 es
1747 2265 1814 2301 zu
1850 2248 1934 2301 als
1963 2246 2330 2302 unerheblich
2357 2247 2446 2301 fiir
2474 2247 2581 2301 den

1512 2317 1693 2374 eweis.

1533 2395 1619 2445 41.
1698 2391 1847 2462 Quid
1930 2392 2378 2473 teryiversamm:
2467 2407 2586 2444 was

1461 2461 1731 2517 brauchst
1802 2462 1879 2516 du
1941 2461 2033 2516 die
2096 2462 2418 2528 Ausflucht‚
2494 2462 2586 2516 die

1463 2532 1699 2588 hochste
1734 2533 1873 2587 Lust,
1906 2534 2178 2588 bestfinde
2212 2533 2274 2587 in
2310 2533 2410 2588 der
2436 2532 2586 2587 Frei-

1462 2603 1586 2658 heit
1619 2620 1731 2658 von
1761 2604 2046 2672 solimet-2,
2083 2620 2216 2674 sage
2246 2604 2391 2659 doch
2422 2602 2586 2670 offen,

1463 2691 1578 2729 was
1615 2675 1691 2729 du
1727 2677 1892 2729 unter
1928 2675 2066 2728 Lusi:
2099 2675 2395 2730 verstehst.

1533 2762 1657 2799 cum
1683 2761 1742 2800 os
1762 2746 2139 2814 perfricuisti,
2175 2746 2359 2800 ‘wenn
2388 2745 2464 2800 du
2493 2745 2588 2800 die

1465 2815 1668 2871 Scham
1716 2818 1986 2886 abgelegb
2031 2817 2214 2882 hast'3
2269 2817 2422 2871 weil'
2454 2834 2586 2871 man

1463 2888 1641 2942 durch
1704 2886 1926 2942 Reiben
1999 2888 2098 2943 des
2163 2886 2421 2943 Gesichts
2493 2888 2586 2943 die

1465 2958 1794 3013 Schamrote
1860 2976 1928 3012 zu
1991 2960 2339 3014 verwischen
2403 2960 2584 3014 sucht.

1463 3028 1626 3085 Mart.
1666 3029 1743 3083 XI
1782 3036 1869 3097 27,
1909 3036 1938 3084 ’ἵ
1979 3035 2079 3084 aut
2124 3047 2247 3085 cum
2284 3031 2587 3101 perfricuit

1462 3101 1698 3168 frontem
1717 3102 2012 3171 posuitque
2028 3103 2313 3171 pudorem.
2362 3103 2583 3156 Ebenso

1463 3171 1723 3240 μέτωπον
1777 3178 1981 3242 τρῖψαι
2037 3173 2174 3227 oder
2230 3173 2586 3241 παρατρίψα-

1464 3246 1618 3299 σθαι.

1531 3316 1596 3368 in
1614 3330 1673 3368 eo
1693 3315 1851 3382 libro,
1872 3314 1973 3368 der
1985 3314 2196 3369 Schrift
2217 3313 2347 3381 περὶ
2373 3313 2586 3383 τέλους,

1460 3402 1576 3438 was
1588 3385 1698 3440 Cic.
1712 3385 1820 3439 mit
1835 3386 1902 3440 de
1912 3401 2119 3440 summo
2134 3386 2271 3440 bono
2287 3384 2584 3441 iibersetzt.
2590 3402 2603 3419 ·

1460 3454 1769 3525 Ath.V11p.
1783 3461 1887 3512 280
1907 3452 1974 3511 οὗ
1998 3453 2104 3543 γὰρ
2136 3453 2309 3525 ἔγωγε
2333 3451 2586 3541 δύναμαι

1470 3527 1673 3594 νοῆσαι
1717 3522 1979 3613 τάγαθὸν
2024 3522 2290 3615 ἀφαιρῶν
2334 3526 2439 3597 μὲν
2484 3521 2590 3589 τὰς

1471 3596 1567 3651 διὰ
1607 3599 1792 3685 χυλῶν
1820 3593 2058 3667 ἡδονάς,
2060 3595 2362 3686 ἀφαιρῶν
2391 3596 2455 3653 δὲ
2484 3594 2588 3660 τὰς

1470 3664 1550 3722 δι’
1609 3664 1986 3758 ἀφροδισίων,
2042 3664 2305 3757 ἀφαιρῶν
2363 3667 2428 3725 δὲ
2484 3665 2589 3731 τὰς

1471 3736 1554 3794 δι’
1594 3736 2006 3829 ἀκροαμάτων,
2051 3736 2318 3829 ἀφαιρῶν
2372 3739 2437 3796 δὲ
2483 3761 2588 3802 τας

1471 3809 1569 3865 διὰ
1608 3814 1831 3882 μορφῆς
1877 3808 2006 3866 κατ’
2062 3808 2201 3879 οψιν
2253 3808 2452 3881 ἡδείας
2502 3831 2585 3865 κι-

1467 3879 1671 3951 νήσοις.

1541 3969 1737 4009 suaves
1797 3956 2081 4021 motiones,
2158 3953 2417 4009 dasselbe
2479 3954 2587 4009 wie

1469 4026 1800 4094 voluptates,
1876 4026 2248 4096 ‘angenehme
2309 4024 2589 4095 Erregun·

1470 4097 1625 4166 gen',
1664 4115 1705 4150 s.
1744 4102 1775 4163 ς
1811 4104 1897 4151 46.

1541 4169 1864 4223 Lactantem
1898 4185 1967 4222 m.
2005 4168 2089 4222 ita
2125 4169 2281 4233 novi,
2319 4167 2427 4222 den
2466 4167 2588 4238 gei-

1472 4238 1661 4310 stigen
1712 4237 1919 4294 Genuss
1980 4237 2130 4293 kann
2186 4208 2281 4293 ich'
2328 4238 2436 4292 mir
2483 4256 2589 4292 nur

1469 4313 1636 4366 unter
1672 4311 1770 4365 der
1805 4308 2141 4380 Bedingung
2175 4309 2420 4377 deuken,
2465 4307 2588 4363 dass
