2902 4649
587 137 1189 194 TUSCULANARUM
1225 137 1834 195 DISPUTATIONUM
1871 139 1913 194 Ι.
1957 145 2253 195 116-119,
2514 138 2599 204 69

231 308 505 370 omnium
545 306 956 368 constitutum.
1031 305 1161 366 Non
1209 308 1370 367 enim
1415 313 1643 367 temere
1691 324 1803 367 nec
1850 306 2099 368 fortuito
2148 307 2262 367 sati
2307 314 2368 367 et
2414 307 2601 367 creati

233 414 473 475 sumus,
521 394 625 456 sed
671 395 943 475 profecto
992 395 1106 457 l'uit
1152 394 1441 474 quaedam
1487 396 1604 475 viS,
1652 413 1802 474 quae
1849 396 2057 475 generi
2103 394 2447 457 consuleret
2490 395 2601 457 hu·

229 503 413 546 mano
459 502 573 545 nec
628 483 690 545 id
745 487 1019 564 gigneret
1073 493 1178 547 aut
1231 483 1445 565 aleret,
1502 483 1662 567 quod
1718 503 1855 545 cum
1911 483 2339 545 exanclavisset
2392 502 2600 546 omnes

230 573 499 655 lahoreS,
546 581 672 634 tum
718 571 1012 635 incideret
1057 575 1121 633 in
1167 574 1378 634 mortis
1423 572 1645 635 malum
1693 575 2152 655 sempiternum:
2205 580 2450 653 portum
2492 590 2598 653 po·

231 665 359 725 tius
402 670 680 743 paratum
724 661 898 722 nobis
945 669 1006 722 et
1051 663 1391 742 perfugium
1438 669 1737 743 putemus,
1830 662 1961 733 Quo
2009 664 2237 723 utinam
2275 663 2419 723 velis
2464 673 2706 742 pas-119

232 754 321 813 sis
368 750 614 832 pervehi
659 748 860 812 liceat!
925 752 1020 811 sin
1074 750 1425 813 reflantibus
1480 753 1674 812 ventis
1729 753 2076 834 reiciemur,
2134 760 2333 812 tamen
2391 750 2603 811 eodem

230 840 414 922 paulo
453 840 682 902 tardius
719 841 1055 901 referamur
1091 858 1339 902 necesse
1387 847 1496 901 est.
1588 839 1762 911 Quod
1800 848 2000 901 autem
2036 839 2314 901 omnihus
2353 857 2599 901 necesse

233 938 360 1010 est,
404 929 544 990 idne
590 931 881 990 miserum
927 947 1059 990 esse
1107 932 1212 990 uni
1259 924 1500 1009 potest?

417 1017 616 1079 Habes
663 1018 988 1100 epilogum,
1049 1036 1131 1079 ne
1182 1017 1324 1098 quid
1371 1019 1864 1100 praetermissum
1920 1026 2024 1079 aut
2078 1016 2355 1079 relictum
2408 1025 2600 1097 putes,

230 1110 308 1169 A.
366 1107 494 1187 Ego
543 1125 710 1190 vero,
767 1115 829 1167 et
884 1107 1125 1186 quidem
1181 1107 1324 1168 fecit
1380 1109 1558 1169 etiam
1612 1109 1729 1168 iste
1784 1123 1879 1167 me
1936 1106 2203 1188 epilogus
2257 1107 2600 1167 firmiorem.

234 1198 325 1257 M.
368 1195 633 1279 Optime,
676 1198 950 1278 inquam3
999 1196 1103 1257 sed
1152 1215 1311 1257 nunc
1351 1196 1592 1275 quidem
1630 1195 1953 1257 valetudini
1989 1194 2323 1257 tribuamus
2362 1193 2603 1277 aliquid,

234 1304 375 1348 cras
421 1293 622 1346 autem
669 1294 730 1346 et
775 1293 922 1365 quot
968 1284 1095 1346 dies
1142 1288 1368 1346 erimus
1412 1288 1476 1345 in
1523 1284 1891 1365 Tusculano,
1946 1302 2189 1364 agamus
2211 1304 2214 1309 '
2233 1284 2379 1345 haec
2428 1292 2489 1344 et
2534 1302 2604 1344 ea

232 1376 649 1456 potissimum,
715 1393 865 1454 quae
929 1374 1286 1435 levationem
1351 1373 1610 1435 habeant
1664 1373 2133 1456 aegritudinum,
2196 1372 2603 1453 formidinum,

232 1462 658 1543 cupiditatum,
706 1465 811 1542 qui
857 1465 1019 1524 omni
1066 1482 1101 1525 e
1144 1462 1517 1544 philosophia
1565 1471 1659 1524 est
1703 1463 1937 1525 fructus
1982 1461 2342 1524 uberrimus

307 1641 337 1688 1
350 1640 432 1689 19.
481 1634 574 1689 sin
607 1635 960 1703 νεβαητίϋαεε
1013 1635 1106 1688 sin
1141 1634 1368 1689 beziehb
1475 1634 1577 1689 dan
1631 1633 2108 1704 Vorhergehende
2187 1649 2603 1703 zusammenge-

233 1706 362 1761 sich
394 1706 599 1760 immet
624 1706 726 1760 auf
750 1705 875 1760 eine
903 1705 1365 1776 vorausgehende
1474 1704 1610 1760 fasse
1645 1705 1761 1760 und
1787 1705 1895 1759 mit
1921 1704 2106 1763 einem
2124 1706 2323 1760 Worte
2349 1705 2483 1761 kurz
2510 1704 2604 1759 be-

230 1777 574 1847 Bedingung
620 1768 928 1860 (Seyffert.
939 1777 976 1833 l.
1017 1777 1110 1833 Gr.
1147 1782 1179 1842 ξ
1209 1778 1362 1847 273);
1473 1777 1730 1832 zeichnet
1766 1776 1921 1831 wird.
1997 1777 2049 1830 V
2086 1781 2173 1846 28,
2212 1782 2282 1833 80
2323 1777 2483 1831 dabit
2516 1777 2604 1830 in·

231 1848 432 1918 haufig
458 1849 594 1903 aber
627 1851 704 1903 ist
732 1847 882 1902 diese
911 1846 971 1902 iii
1000 1847 1110 1902 den
1137 1864 1362 1903 vorans·
1473 1852 1654 1932 quam.
1730 1847 1801 1902 de
1848 1864 1927 1903 or.
1980 1846 2061 1901 III
2118 1852 2207 1916 56,
2261 1853 2366 1901 213
2421 1846 2603 1913 Aetia,

231 1918 534 2002 gehenden
595 1916 834 1974 Worten
899 1917 1198 1974 versteckt
1289 1918 1364 1974 So
1473 1919 1727 1988 inquam,
1764 1919 1830 1972 in
1866 1918 2096 1974 dicendo
2121 1934 2241 1973 una
2267 1919 2601 1974 dominatur.

234 1989 393 2045 steht
424 1990 551 2045 hier
583 1992 703 2059 ein,
739 1989 825 2044 als
853 1990 926 2046 ob
960 1989 1362 2074 vorausginge.
1474 1989 1545 2044 de
1583 2007 1693 2046 am.
1734 1995 1821 2057 32,
1860 1995 1929 2045 84
1988 1989 2146 2044 Haec
2199 1995 2302 2057 est,
2355 1991 2605 2059 inquam,

232 2062 287 2116 si
305 2062 496 2131 paea&
521 2062 655 2116 velie
672 2063 898 2131 pervehi
925 2062 1104 2129 liceat,
1137 2062 1366 2130 optatis-
1476 2063 1731 2128 societas,
1766 2062 1833 2116 in
1857 2078 1971 2130 qua
1996 2061 2183 2117 omnia
2208 2029 2429 2127 ins’wtt,
2467 2077 2605 2130 qwae

230 2135 440 2189 simwm
474 2137 576 2199 est,
613 2134 705 2187 ein
741 2135 875 2202 cet„
911 2150 953 2187 s,
991 2151 1039 2187 z.
1068 2133 1121 2187 V
1149 2138 1179 2198 ξ
1220 2138 1338 2187 117.
1468 2137 1679 2202 putant
1730 2132 1974 2187 homines
2026 2149 2093 2187 ex
2086 2133 2341 2201 westenda
2415 2128 2606 2189 Etwas

313 2203 495 2290 Quod
520 2209 699 2259 autem
744 2205 848 2260 cet.
923 2203 997 2260 M.
1036 2202 1167 2258 Ant.
1206 2203 1259 2257 V
1296 2206 1366 2258 22
1478 2203 1714 2258 anderes
1749 2202 1828 2258 ist
1865 2220 1951 2272 es,
1992 2206 2164 2263 'wenn
2192 2203 2286 2257 bei
2324 2202 2424 2257 der
2450 2200 2604 2256 Wie-

213 2269 292 2332 Ὃ
321 2275 388 2348 τῇ
418 2270 582 2330 πόλει
610 2270 717 2331 οὐκ
748 2273 864 2331 ἔστι
891 2271 1196 2347 βλαβερόν,
1228 2270 1365 2331 ουδὲ
1476 2274 1794 2344 derholung
1812 2246 2104 2330 desselben
2123 2273 2352 2330 Worteb
2375 2275 2605 2344 inquam

226 2343 340 2403 τὸν
353 2292 610 2415 naualem
649 2344 899 2419 βλάπτει.
1475 2347 1848 2417 hinzugefiigt
1883 2346 2041 2402 wird.
2114 2344 2274 2402 Verr.
2301 2345 2354 2401 V
2383 2350 2604 2413 62,162

307 2433 407 2490 eqo
440 2435 591 2487 ver-0,
627 2437 670 2476 s.
710 2424 770 2487 6,
811 2424 894 2474 10.
1476 2434 1644 2486 crux,
1679 2434 1849 2487 crux,
1886 2419 2142 2488 inquam,
2179 2418 2394 2485 infelici
2429 2422 2479 2471 et
2516 2433 2600 2471 ae·

308 2491 541 2560 inquam
574 2490 717 2545 wird
756 2461 1156 2562 hinzugeffigt‚
1204 2507 1368 2546 wenn
1474 2505 1735 2584 rumsnoso
1771 2520 1838 2530 —
1876 2490 2316 2559 comparabatwr.
