2902 4649
609 144 1218 203 TUSCULANARUM
1252 144 1865 202 DISPUTATIONUM
1901 146 1942 202 Ι.
1983 152 2210 204 87--90
2536 144 2623 210 53

436 315 814 395 Quamquam
861 313 1003 393 quid
1051 331 1205 393 opus
1252 321 1345 374 est
1389 315 1455 374 in
1500 313 1615 374 hoc
1660 312 2091 394 philosophari,
2143 331 2281 375 cum
2328 330 2457 375 rem
2502 332 2620 375 non
2643 347 2711 396 89

251 421 618 484 magnopere
664 403 1039 484 philosophia
1075 420 1253 482 egere
1292 398 1642 463 videamus?
1714 400 2005 473 Quotiens
2043 420 2165 463 non
2202 400 2378 463 modo
2417 403 2624 464 ducto-

248 511 350 555 res
404 495 628 574 nostri,
686 493 793 554 sed
848 494 1116 554 universi
1172 495 1354 552 etiam
1409 492 1710 552 exercitus
1768 492 1839 552 ad
1896 509 2015 552 non
2072 490 2311 552 dubiam
2368 501 2621 553 mortem

251 581 724 644 concurrerunt!
816 581 980 653 Quae
1038 580 1279 659 quidem
1339 583 1392 641 si
1444 582 1792 659 timeretur,
1847 598 1968 641 non
2016 578 2081 641 L.
2127 579 2353 642 Brutus
2411 599 2623 642 arcens

249 689 391 733 eum
439 671 639 733 reditu
684 681 1024 751 tyrannum,
1071 687 1251 748 quem
1296 673 1427 749 ipse
1474 668 1803 750 expulerat,
1848 671 1912 730 in
1957 668 2186 748 proelio
2235 669 2623 750 concidisset;

248 778 373 821 non
421 779 563 821 cum
608 759 835 821 Latinis
881 759 1198 819 decertans
1243 767 1416 838 pater
1462 758 1701 839 DeciuS,
1746 777 1886 819 cum
1930 757 2206 819 Etruscis
2251 758 2436 838 filius,
2484 777 2623 823 cum

248 849 483 930 Pyrrho
550 867 736 929 nepos
802 866 867 909 se
931 847 1192 909 hostium
1259 848 1397 908 telis
1462 845 1852 928 obiecissent3
1916 865 2037 908 non
2103 865 2224 907 uno
2291 847 2447 908 hello
2511 866 2621 927 pro

247 941 443 1018 patria
503 938 784 999 cadentes
841 936 1154 1015 Scipiones
1207 935 1493 1016 Hispania
1548 934 1821 1016 vidisset,
1883 935 2135 998 Paulum
2190 944 2253 997 et
2308 935 2623 998 Geminum

249 1028 520 1108 Cannae,
583 1026 843 1087 Venusia
906 1024 1278 1104 Marcellum,
1343 1023 1552 1086 Litana
1619 1023 1928 1104 Albinum,
1991 1023 2217 1086 Lucani
2271 1024 2623 1090 Gracchum.

248 1115 413 1178 Num
460 1117 595 1195 quis
641 1116 859 1176 horum
903 1116 1090 1174 miser
1135 1110 1358 1174 hodie‘?
1419 1132 1497 1174 ne
1553 1122 1683 1174 tum
1730 1113 1972 1193 quidem
2016 1122 2154 1193 post
2200 1116 2479 1193 spiritum
2525 1134 2623 1177 ex-

249 1214 544 1287 tremum3
590 1222 703 1265 nec
751 1206 911 1264 enim
956 1211 1158 1282 potest
1203 1221 1335 1264 esse
1382 1204 1570 1263 miser
1615 1205 1933 1282 quisquam
1978 1221 2161 1263 sensu
2205 1212 2536 1283 perempto.

430 1295 508 1355 At
561 1293 621 1354 id
676 1295 876 1372 ipsum
932 1291 1209 1352 odiosum
1252 1299 1363 1373 est,
1429 1294 1559 1352 sine
1617 1309 1801 1352 sensu
1860 1310 2011 1353 esse.
2103 1290 2417 1372 Odiosum,
2465 1294 2517 1353 si
2560 1293 2621 1353 id
2642 1302 2712 1350 90

249 1392 415 1444 esset
469 1399 708 1461 carere3
761 1398 900 1441 cum
945 1398 1087 1441 vero
1144 1384 1535 1460 perspicuum
1592 1382 1671 1441 sit
1711 1380 1860 1441 nihil
1894 1398 2072 1461 posse
2109 1384 2171 1441 in
2210 1399 2283 1441 eo
2321 1399 2473 1462 esse,
2519 1385 2622 1462 qui

248 1474 380 1551 ipse
428 1490 553 1532 non
603 1473 707 1550 sit,
754 1469 894 1548 quid
943 1476 1145 1547 potest
1191 1488 1324 1530 esse
1371 1472 1436 1529 in
1484 1487 1555 1529 eo
1604 1469 1905 1551 odiosum,
1956 1473 2058 1549 qui
2105 1487 2218 1530 nec
2266 1482 2465 1533 careat
2509 1489 2621 1532 nec

249 1557 514 1622 sentiat?
578 1558 951 1637 Quamquam
997 1558 1111 1618 hoc
1159 1556 1401 1637 quidem
1447 1560 1628 1618 nimis
1675 1576 1870 1639 saepe,
1918 1558 2022 1619 sed
2069 1576 2159 1639 eo,
2207 1559 2367 1637 quod
2405 1562 2468 1620 in
2506 1560 2622 1622 hoc

247 1653 412 1712 inest
449 1650 643 1709 omnis
682 1649 864 1709 animi
901 1650 1241 1710 contractio»
1272 1665 1344 1708 ex
1381 1654 1549 1709 metu
1587 1648 1815 1707 mortis,
1864 1646 1982 1717 Qui
2018 1650 2178 1708 enim
2215 1649 2360 1709 satis
2387 1649 2623 1731 viderit,

248 1738 311 1799 id
350 1736 512 1818 quod
552 1744 645 1799 est
680 1735 814 1797 luce
866 1735 1105 1816 clarius,
1142 1739 1338 1798 animo
1385 1744 1447 1796 et
1494 1753 1748 1814 corpore
1796 1744 2153 1816 consumpto
2202 1744 2448 1816 totoque
2497 1741 2618 1801 ani-

248 1833 450 1888 mante
509 1824 706 1886 deleto
762 1833 824 1886 et
877 1825 1034 1885 facto
1089 1827 1339 1886 interitu
1397 1827 1677 1887 universo
1733 1824 1878 1885 illud
1926 1825 2169 1906 animal,
2214 1825 2373 1904 quod
2420 1827 2621 1906 fuerit,

247 1917 477 1977 factum
533 1931 665 1975 esse
723 1913 898 1992 nihil,
958 1915 1012 1972 is
1066 1914 1239 1993 plane
1295 1916 1624 1994 perspiciet
1676 1915 1836 1974 inter
1881 1913 2459 1997 Hippocentaurum,
2517 1920 2622 1995 qui

246 2021 579 2083 numquam
616 2002 818 2083 fuerit,
863 2009 925 2062 et
960 2020 1165 2081 regem
1202 2003 1705 2080 Agamemnonem
1744 2001 1893 2068 nihil
1928 2005 2241 2084 interesse,
2279 2022 2392 2064 nec
2428 2005 2622 2084 pluris

247 2111 413 2154 nunc
469 2093 666 2152 facere
723 2090 797 2151 M.
848 2089 1158 2152 Camillum
1213 2091 1329 2152 hoc
1384 2090 1558 2153 civile
1612 2090 1865 2172 bellum,
1929 2109 2106 2170 quam
2163 2109 2273 2170 ego
2331 2092 2434 2153 illo
2488 2096 2619 2154 vivo

248 2183 500 2243 fecerim
547 2179 797 2240 Romam
852 2189 1101 2260 captam.
1194 2179 1314 2240 Cur
1370 2181 1554 2258 igitur
1610 2187 1672 2239 et
1717 2178 2000 2240 Camillus
2056 2179 2312 2262 doleret,
2368 2184 2420 2241 si
2472 2182 2620 2244 haec

2638 269 2723 333 37

323 2335 468 2403 Kap.
506 2334 607 2389 87.
665 2338 750 2388 89.
809 2339 1237 2398 comm-rerum,
1301 2333 1382 2388 sie

245 2406 426 2461 liefen
472 2405 786 2476 gleichsam
833 2420 944 2459 von
994 2404 1148 2460 allen
1192 2403 1385 2460 Seiten

247 2492 576 2532 zusammen
589 2518 602 2543 ,
655 2476 934 2545 drangten
983 2476 1108 2529 sich
1144 2475 1382 2531 danach.

247 2549 329 2604 So
366 2546 511 2602 wird
546 2547 647 2601 das
664 2546 833 2601 Wort
868 2547 1017 2601 auch
1050 2563 1164 2602 von
1201 2545 1385 2602 einem

243 2618 542 2675 einzelnen
615 2618 942 2687 gebraucht.
1039 2636 1094 2686 p.
1162 2617 1382 2683 Quinct.

242 2697 341 2759 16,
379 2695 446 2744 53
493 2690 545 2744 ai
588 2690 704 2757 dim
707 2689 912 2743 ondins
957 2694 1088 2743 tuus
1132 2693 1385 2757 ayeretur

244 2792 322 2802 —-
367 2778 481 2816 ‘mm
525 2762 713 2816 statim
761 2761 837 2814 ad
887 2759 948 2815 Ο.
984 2760 1279 2828 Aquilium
1315 2790 1383 2799 -

241 2830 662 2888 concurrisses?
754 2830 860 2885 Die
924 2829 1207 2900 Beispiele
1272 2846 1385 2885 von

240 2903 788 2971 Todesveraohtnng
837 2901 934 2956 bei
981 2900 1090 2957 den
1137 2901 1386 2956 Romern

240 2972 434 3030 sollen
496 2973 804 3040 beweisen,
871 2970 992 3027 dass
1054 2974 1220 3030 unt-‚er
1276 2972 1384 3027 den

242 3046 502 3100 Romam
529 3043 690 3099 nicht.
718 3044 809 3098 die
828 3044 1100 3126 Meinung
1126 3044 1384 3111 bestand‚

242 3117 347 3171 die
382 3116 566 3171 Toten
602 3115 756 3170 seien
792 3115 1177 3183 ungliicklich.

324 3187 392 3241 L.
449 3187 669 3242 Brutus
732 3185 830 3241 fiel
884 3190 988 3241 509
1054 3202 1239 3256 gegen
1292 3184 1383 3239 die

242 3258 525 3341 Vejenter
559 3258 677 3312 und
705 3256 797 3312 die
826 3256 1223 3312 vertriebenen
1246 3256 1381 3310 Tar·

248 3344 482 3399 qumer
517 3345 612 3383 am
647 3328 851 3383 Walde
888 3328 1069 3383 Arsia.

242 3400 799 3526 defagzrhlgffiuzm
824 3398 1032 3525 Ιέἶιὲἔυέ
1038 3397 1384 3539 0ὲέεέἒὲὴέ

243 3541 391 3608 sein,
430 3541 575 3597 doch
610 3541 838 3610 behaup
840 3542 928 3595 tet
965 3541 1281 3596 Mommsen
1312 3540 1379 3596 R.

243 3611 394 3668 G.1
441 3612 496 3667 S.
533 3617 666 3679 329,
732 3611 857 3666 dass
914 3612 1003 3666 die
1059 3610 1380 3682 Erzahlung

242 3686 384 3739 dem
424 3683 468 3737 Ο
472 3683 729 3752 pfertode
786 3683 885 3737 des
937 3683 1153 3738 Sohnes
1210 3683 1380 3738 nach-

290 3754 544 3810 edichtet
599 3754 697 3809 sei.
772 3753 889 3809 Der
936 3754 1091 3809 Sohn
1141 3753 1237 3809 fiel
1286 3754 1381 3810 bei

218 3863 237 3873 -
293 3825 547 3881 antinum
584 3830 690 3879 295
769 3841 913 3895 egen
959 3825 1050 3879 die
1090 3824 1381 3881 Samniten

238 3896 368 3952 und
406 3895 693 3952 Etrusker.
803 3912 876 3951 on
914 3896 1043 3950 dem
1071 3895 1379 3966 Opfertode

241 3969 350 4023 des
367 3967 577 4023 Eukels
605 3966 823 4022 erzahlt
850 3985 957 4021 nur
986 3966 1198 4036 Cicero,
1225 3968 1378 4022 wah-

239 4039 391 4095 rend
424 4036 532 4093 Dio
572 4037 726 4094 Cass.
746 4036 882 4090 VIII
911 4044 942 4093 3
983 4038 1380 4094 ausdrucklich

239 4111 516 4179 bezeugt,
564 4127 624 4164 es
661 4109 744 4163 sei
782 4107 873 4163 die
909 4108 1067 4163 Reds
1103 4125 1379 4179 gewesen,

241 4179 371 4235 date
408 4197 468 4235 er
504 4179 624 4234 sich
661 4179 755 4234 bei
791 4179 1064 4234 Asculum
1091 4185 1196 4234 279
1231 4152 1379 4235 habe

200 4288 206 4294 -
242 4250 447 4333 opfern
492 4249 726 4319 vollen,
773 4267 835 4305 er
879 4250 1029 4305 habe
1076 4249 1199 4305 dies
1242 4250 1378 4305 aber

239 4322 409 4379 moht
443 4293 793 4393 ausgeffih'rt.

1566 2333 1667 2389 Gn.
1721 2333 1993 2389 Servilius
2052 2333 2318 2388 Geminus
2380 2335 2479 2391 fiel
2538 2335 2624 2391 als

1493 2404 1774 2460 Konsular
1809 2411 1935 2474 216,
1970 2405 2274 2460 Marcellus
2311 2412 2435 2461 208.

1564 2488 1797 2559 Isitcma,
1832 2496 1892 2550 in
1921 2494 2021 2550 der
2044 2493 2208 2549 Nahe
2247 2511 2360 2550 von
2385 2494 2623 2552 Mutina.

1493 2564 1613 2620 Liv.
1651 2535 1838 2618 XXIII
1875 2571 1961 2634 24,
2002 2572 2034 2621 6
2081 2582 2204 2620 cum
2250 2582 2341 2621 eae
2384 2583 2472 2621 res
2505 2584 2621 2623 ma-

1492 2637 1638 2690 xime
1681 2642 2000 2705 agerentur,
2053 2653 2200 2691 nova
2253 2638 2435 2692 clades
2477 2655 2621 2692 nme-

1493 2708 1639 2761 tiata
1691 2737 1763 2746 —
1816 2708 1885 2763 L.
1948 2708 2296 2762 Postumium
2349 2711 2621 2766 consulem
2703 2753 2708 2756 ψ

1493 2779 1840 2846 desiynatwm
1882 2780 1948 2833 in
1995 2778 2188 2833 Gallia
2232 2780 2415 2847 ipsum
2459 2785 2622 2850 atque

1493 2850 1789 2903 exercitmn
1825 2850 2037 2904 deletos.
2113 2850 2257 2905 silva
2304 2856 2422 2906 erat
2458 2857 2619 2907 vasta

1494 2951 1561 2960 —
1602 2919 1871 2975 Litanam
1909 2920 2064 2976 Gaui
2097 2922 2369 2976 vocabant
2398 2951 2465 2962 ——
2508 2940 2620 2993 qua

1493 2992 1790 3046 exercitum
1825 2989 2185 3048 traductwms
2221 2999 2354 3048 erat.
2410 2994 2486 3047 Es
2524 3012 2619 3065 ge-

1495 3063 1669 3118 schah
1707 3062 1827 3118 dies
1867 3064 2003 3119 bald
2036 3065 2185 3118 nach
2223 3064 2323 3118 der
2351 3064 2621 3121 Schlacht

1492 3133 1588 3187 bei
1621 3134 1829 3188 Canna..
1861 3165 1929 3175 —
1969 3134 2254 3190 Gracchus
2293 3136 2483 3191 wnrde
2513 3142 2618 3191 213
2702 3156 2706 3160 ·

1496 3205 1671 3259 durch
1707 3205 1879 3275 Mago
1917 3208 2153 3276 gestitet.

1566 3299 1650 3349 90.
1689 3294 1813 3360 hoc,
1859 3294 2107 3348 nsmlich
2145 3292 2265 3348 dass
2304 3294 2394 3349 die
2436 3296 2620 3351 Toten

1491 3364 1658 3418 keine
1695 3365 1801 3420 Em
1803 3365 2075 3435 pfindung
2118 3365 2319 3419 haben.
2396 3367 2461 3420 in
2501 3368 2618 3434 hoe,

1491 3433 1550 3488 in
1588 3435 1716 3489 dem
1754 3383 2035 3503 Glauben‚
2088 3435 2209 3491 dass
2247 3434 2329 3491 sie
2366 3437 2511 3508 Emp
2513 3437 2617 3492 fin-

1493 3505 1646 3577 dung
1700 3507 1916 3563 hatten.
1969 3508 2083 3563 sed
2137 3522 2198 3562 eo
2252 3509 2426 3577 q,uod
2482 3510 2619 3564 aber

1490 3595 1595 3632 nur
1632 3594 1731 3632 aus
1768 3578 1896 3632 dem
1934 3577 2177 3644 Grunde‚
2212 3578 2360 3635 weil.

1562 3667 1742 3721 animi
1768 3670 2083 3723 contractio.
2123 3667 2202 3723 IV
2229 3675 2317 3737 31,
2340 3675 2407 3725 66
2436 3672 2617 3726 eodem

1487 3737 1623 3792 vitio
1676 3742 1754 3793 est
1807 3739 2000 3808 effusio
2050 3740 2229 3793 animi
2272 3741 2338 3795 in
2383 3742 2616 3808 laetitia,

1487 3825 1595 3877 quo
1629 3811 1695 3863 in
1730 3810 1913 3864 dolore
1949 3812 2265 3866 contractio.

1559 3899 2035 3967 Aqamemnomm,
2070 3899 2321 3954 namfich
2348 3902 2447 3970 qui
2483 3903 2615 3957 olim

1487 3969 1675 4095 sum
1694 4042 1852 4096 civile
1888 4042 2101 4110 bellwn,
2139 4043 2230 4097 die
2261 4041 2452 4098 streiti
2454 4043 2614 4113 gkei-

1450 4112 1585 4165 ‘'t-en
1647 4112 1927 4168 zwischen
1985 4114 2263 4169 Antonius
2324 4114 2442 4167 und
2454 4061 2615 4169 gden

1486 4182 1965 4238 Versehworenen
1990 4185 2140 4238 nach
2170 4185 2371 4239 casare
2389 4186 2611 4240 Ermor-

1486 4252 1656 4321 dnng.
1713 4253 1767 4310 S.
1806 4253 1953 4308 Einl.
1992 4260 2021 4319 ξ
2063 4260 2109 4310 1.

1561 4322 1674 4379 Gur
1709 4326 1913 4394 iyitur:
1963 4326 2063 4380 der
2104 4326 2372 4397 folgende
2409 4327 2610 4383 Zusatz
