2902 4649
619 100 1222 157 TUSCULANARUM
1258 103 1867 160 DISPUTATIONUM
1904 104 2001 160 III.
2045 111 2273 161 15—18.
2546 107 2628 172 13

259 269 386 331 Sed
444 270 583 349 quia
638 287 752 330 nec
808 272 913 349 qui
967 276 1215 350 propter
1278 279 1506 332 metum
1563 271 1929 351 praesidium
1983 272 2254 354 reliquit,
2319 273 2479 352 quod
2537 282 2631 335 est
2652 287 2716 337 17

261 359 563 441 ignaviae,
619 376 729 419 nec
789 361 891 437 qui
946 367 1195 438 propter
1248 361 1550 421 avaritiam
1600 360 1750 420 clam
1797 359 2136 440 depositum
2183 379 2303 422 non
2350 361 2629 444 reddidit,

264 447 429 529 quod
475 454 569 509 est
612 448 958 529 iniustitiae,
1004 466 1116 509 nec
1164 449 1268 527 qui
1312 455 1564 528 propter
1611 451 2008 510 temeritatem
2053 449 2206 510 male
2254 467 2385 511 rem
2426 452 2630 532 gessit,

265 536 427 617 quod
476 543 569 597 est
613 535 926 618 stultitiae,
983 536 1140 616 frugi
1195 535 1481 616 appellari
1528 536 1705 618 solet,
1764 555 1834 598 eo
1882 545 2007 598 tres
2054 539 2334 621 virtuteS,
2390 538 2626 600 fortitu-

262 624 486 706 dinem,
531 626 836 706 iustitiam,
881 625 1286 707 prudentiam,
1342 619 1671 705 frugalitas
1707 625 1993 730 conplexa
2053 633 2171 689 est.
2219 659 2304 670 —
2352 630 2469 688 etsi
2514 626 2627 688 hoc

260 713 510 793 quidem
564 731 879 775 commune
938 721 1032 775 est
1086 715 1401 796 virtutum3
1465 732 1674 775 omnes
1739 717 1898 776 enim
1962 716 2121 776 inter
2184 734 2251 776 se
2317 734 2503 777 nexae
2569 725 2629 777 et

171 812 181 818 “
262 805 501 883 iugatae
549 810 716 864 sunt.
762 834 851 845 --
896 801 1126 882 reliqua
1172 805 1356 884 igitur
1402 810 1523 884 est,
1570 810 1781 882 quarta
1827 805 2016 864 virtus
2063 811 2130 865 ut
2177 807 2281 885 sit,
2327 807 2454 884 ipsa
2501 805 2625 866 fru-

259 891 493 971 galitas,
583 890 729 951 Eius
778 893 935 952 enim
983 891 1218 953 videtur
1264 909 1399 953 esse
1444 892 1759 972 proprium
1807 898 2005 953 motus
2050 894 2232 953 animi
2278 894 2626 973 adpetentes

264 997 479 1059 regere
540 986 602 1039 et
666 978 876 1040 sedare
940 998 1296 1060 semperque
1361 980 1776 1041 adversantem
1840 979 2071 1041 libidini
2137 981 2499 1043 moderatam
2564 983 2625 1043 in

261 1069 434 1129 omni
479 1085 546 1128 re
594 1085 833 1129 servare
880 1071 1298 1131 constantiam:
1355 1071 1455 1130 cui
1502 1071 1869 1131 contrarium
1916 1070 2123 1131 vitium
2171 1072 2435 1150 nequitia
2482 1070 2625 1131 dici-

264 1165 385 1219 tur.
459 1155 816 1238 Frugalitas,
870 1165 940 1218 ut
985 1160 1225 1241 opinor,
1280 1177 1315 1219 a
1358 1158 1561 1239 fruge,
1618 1176 1734 1237 qua
1780 1157 1928 1219 nihil
1973 1158 2186 1220 melius
2232 1166 2324 1221 est
2366 1178 2399 1219 e
2446 1166 2626 1241 terra,
2651 1173 2714 1222 18

263 1247 531 1325 nequitia
589 1244 660 1305 ab
719 1264 789 1306 eo
839 1280 922 1289 —
970 1249 1084 1308 etsi
1138 1249 1255 1309 erit
1307 1247 1422 1307 hoc
1458 1248 1735 1307 fortasse
1792 1247 2030 1328 duriuS,
2086 1246 2190 1308 sed
2241 1254 2626 1329 temptemus3

261 1334 480 1396 lusisse
527 1341 839 1418 putemur,
894 1337 946 1395 si
992 1335 1139 1396 nihil
1185 1337 1263 1397 sit
1308 1366 1422 1417 —-·,
1479 1334 1553 1396 ab
1610 1354 1710 1417 eo,
1767 1335 1923 1415 quod
1982 1338 2379 1415 nequicquam
2427 1344 2519 1397 est
2563 1338 2626 1397 in

243 1423 369 1500 *tali
414 1422 681 1484 homine:
744 1442 816 1484 ex
862 1442 981 1505 quo
1028 1424 1185 1486 idem
1234 1424 1402 1485 nihili
1447 1424 1686 1485 dicitur.
1780 1423 1896 1495 Qui
1951 1426 2028 1485 sit
2084 1425 2243 1503 frugi
2289 1427 2471 1504 igitur
2518 1425 2628 1507 vel,

261 1513 319 1573 si
363 1513 577 1594 maviS,
631 1513 974 1575 moderatus
1021 1522 1081 1575 et
1126 1520 1495 1594 temperans,
1553 1530 1692 1574 eum
1737 1531 1985 1573 necesse
2033 1521 2126 1574 est
2172 1531 2305 1574 esse
2353 1520 2626 1574 constan·

260 1608 416 1680 tem3
464 1602 568 1679 qui
605 1607 805 1662 autem
842 1609 1141 1683 constans,
1187 1603 1486 1683 quietum3
1537 1604 1641 1681 qui
1678 1604 1936 1682 quietuS,
1971 1600 2421 1681 perturbatione
2465 1604 2627 1663 omni

259 1707 545 1750 vacuum:
610 1707 752 1769 ergo
818 1692 994 1752 etiam
1060 1689 1450 1770 aegritudine.
1543 1690 1622 1751 Et
1681 1701 1823 1751 sunt
1886 1689 1983 1750 illa
2050 1692 2363 1769 sapientis:
2435 1690 2628 1752 aberit

260 1780 448 1857 igitur
495 1797 526 1838 a
573 1780 839 1858 sapiente
887 1780 1212 1861 aegritudo.

441 1866 649 1946 Itaque
696 1886 815 1929 non
862 1870 1076 1929 inscite
1121 1867 1504 1929 Heracleotes
1541 1867 1860 1948 Dionysius
1907 1867 1979 1927 ad
2028 1886 2096 1928 ea
2142 1867 2424 1948 disputat,
2472 1867 2687 1947 quae9

257 1955 420 2035 apud
467 1953 795 2017 Homerum
840 1957 1099 2019 Achilles
1145 1959 1438 2038 queritur,
1483 1957 1617 2037 hoc,
1664 1964 1731 2018 ut
1777 1958 2007 2036 opinor,
2054 1955 2257 2017 modo:

1499 2216 1619 2270 volo
1660 2214 1800 2280 nolo,
1835 2215 1917 2268 sic
1953 2230 2020 2268 ex
2066 2230 2143 2269 ue
2177 2219 2228 2269 et
2273 2215 2626 2285 quicquam

1500 2287 1627 2343 item
1661 2287 1844 2342 media
1879 2286 2085 2342 extrita
2128 2286 2346 2356 syllaba
2381 2291 2628 2342 coactum

1500 2364 1579 2415 eat
1621 2374 1920 2428 nequam.
1994 2357 2110 2412 Das
2156 2357 2323 2413 Wort
2366 2357 2445 2413 ist
2488 2358 2626 2413 viel-

1502 2430 1662 2484 mehr
1699 2445 1809 2484 von
2013 2444 2046 2484 ο
2080 2428 2442 2484 herzuleiten.

1574 2501 1645 2556 ab
1674 2516 1748 2554 eo.
1797 2498 1913 2554 Das
1979 2515 2249 2555 ronomen
2265 2499 2409 2554 wird
2434 2500 2627 2583 hliufig

1502 2572 1650 2627 nach
1687 2570 1788 2625 der
1813 2571 2155 2625 Parenthese
2192 2570 2328 2626 oder
2355 2571 2484 2626 dem
2513 2570 2627 2625 ein-

337 2217 479 2272 clam
516 2216 846 2285 depositum,
893 2218 1068 2271 etwas
1106 2217 1206 2273 das
1245 2217 1389 2272 ohne

262 2288 492 2371 Zengen
535 2289 672 2342 oder
708 2286 1160 2360 Verschreibung
1197 2304 1302 2344 anv
1310 2305 1392 2344 er·

258 2361 423 2485 ὴῗῖιῦ.
454 2359 547 2486 lg
557 2435 665 2486 brea
699 2431 957 2486 virtutes.-
1005 2431 1161 2487 Stob.
1199 2431 1300 2486 661.
1339 2430 1392 2484 II

261 2519 319 2572 p.
363 2506 463 2556 112
525 2501 847 2570 Beer-²:519
901 2499 967 2557 δὲ
989 2499 1394 2589 σωφροσύνης

263 2574 413 2627 ἴδιον
422 2568 767 2662 κεφάλαιόν
797 2569 916 2627 ἔστι
941 2568 1010 2627 τὸ
1037 2572 1393 2643 παρέχεσθαι

262 2640 364 2705 τὰς
395 2639 596 2729 ὁρμὰς
642 2639 948 2706 εὐσταθεῖς
1004 2643 1103 2699 καὶ
1121 2649 1395 2731 θεωρεῖν

259 2709 452 2778 «nuic
487 2712 948 2804 προηγουμένως,
996 2710 1141 2770 κατὰ
1189 2713 1255 2770 δὲ
1293 2734 1395 2770 τον

259 2781 564 2876 δεύτερον
585 2788 756 2854 λογον
797 2804 871 2839 τοι
917 2782 1029 2840 ὑπὸ
1077 2782 1179 2847 τὰς
1225 2782 1395 2849 anae

259 2850 479 2944 ἆρετάς
534 2854 706 2912 ἕνεκα
763 2857 866 2911 τοῦ
913 2852 1282 2919 ἀδιαπτώτως
1331 2852 1395 2911 ἐν

264 2933 394 2989 ταῖς
421 2922 634 3014 ὁρμαῖς
659 2924 1142 3014 ἀναστρέφεσθαι.
1174 2959 1241 2969 -
1271 2925 1394 2982 Πά-

263 2993 680 3141 Σὲῗνγῖξιιτῖἰ.
694 2992 1393 3140 αἶῗᾼῖῖτὶῗμῖἶὲωἲεῗῗῆ

259 3129 729 3203 2oe19.Ahn1ich
785 3140 988 3209 sprach
1046 3141 1165 3195 sich
1220 3142 1394 3196 sehon

264 3210 414 3267 Plat.
445 3210 612 3280 Gorg.
652 3216 863 3281 p.,507
901 3211 1014 3281 vgl.
1046 3208 1159 3266 Cic.
1194 3212 1263 3266 de
1301 3211 1391 3267 off.

264 3282 292 3335 1
321 3286 551 3348 28,100
586 3298 703 3338 aus.
775 3254 926 3336 Weil
963 3282 1083 3337 also
1122 3282 1267 3337 auch
1303 3280 1394 3338 die

262 3353 574 3424 fraqalitas
620 3353 713 3407 die
759 3354 1004 3408 anderen
1041 3354 1160 3407 drei
1196 3353 1395 3408 Kardi-

263 3423 656 3494 naltugenden
699 3422 761 3477 in
808 3424 928 3478 sich
974 3422 1135 3492 fatet,
1186 3423 1397 3494 folgert

264 3495 403 3563 Cic,
443 3493 566 3550 dass
604 3494 723 3549 dies
758 3494 924 3550 Wort
958 3495 1083 3549 eine
1119 3496 1393 3564 passende

261 3535 654 3635 Ubersetzung
687 3582 799 3620 von
836 3562 1172 3636 σωφροσύνη
1209 3566 1305 3622 sei.

339 3642 520 3693 motus
556 3637 734 3691 animi
775 3637 955 3706 adpet.
994 3662 1062 3682 ==
1098 3641 1393 3706 appetitus,

263 3703 459 3778 ὁρμαί,
499 3707 590 3762 die
618 3706 945 3777 Begierden.
1001 3709 1116 3763 Das
1145 3708 1402 3778 Particip

263 3779 346 3835 ist
378 3780 607 3834 neutral
642 3777 969 3848 gebraucht,
1008 3779 1113 3833 wie
1150 3780 1229 3836 IV
1265 3785 1297 3845 ἓ
1325 3786 1395 3835 30

262 3851 412 3909 vitia
447 3854 581 3906 sunt
607 3851 918 3918 affectiones
944 3856 1239 3919 manentes,
1264 3867 1395 3920 pere

259 3923 612 3979 meatim
649 3952 716 3961 —-
754 3926 1031 3977 moventes.

335 3994 677 4049 moderatam
689 4023 753 4033 --
765 3994 1147 4060 constantiam,
1160 3993 1177 4019 ‘
1185 3992 1393 4048 861161-

264 4063 698 4133 beherrschung
734 4064 850 4119 und
884 4063 1295 4132 Konsequenz’.

345 4139 431 4190 18.
469 4136 749 4204 nequitia.-
795 4135 1042 4190 dieselbe
1078 4133 1395 4204 antichi-ige

265 4205 635 4277 Etymologie
662 4206 765 4262 hat
790 4206 933 4261 auch
953 4205 1129 4260 Varro
1159 4205 1227 4260 de
1255 4204 1394 4274 ling.

263 4277 368 4336 lat.
391 4277 443 4333 X
464 4281 575 4347 ὄρ.
597 4282 702 4332 689
740 4275 941 4348 Speng.
979 4282 1042 4332 ut
1086 4293 1154 4332 ex
1196 4292 1311 4333 uon
1346 4282 1397 4333 et

1504 2641 1899 2712 geschobenen
1925 2640 2368 2696 Zwischensatze
2395 2641 2624 2697 wieder-

1502 2713 1643 2769 holt.
1719 2716 1806 2780 28,
1847 2717 1911 2767 71
1951 2727 2077 2780 erqo
2113 2712 2192 2779 iol,
2236 2713 2382 2781 quod
2416 2713 2522 2766 alii
2560 2742 2628 2752 -

1503 2785 1565 2839 id
1602 2785 1674 2839 hi.
1751 2782 1820 2837 de
1858 2799 1937 2837 or.
1973 2780 2001 2834 I
2039 2787 2269 2850 23,1Ο9
2314 2784 2406 2838 siu
2447 2787 2628 2838 autem

1503 2871 1596 2923 ea,
1640 2870 1781 2923 quae
1825 2855 2109 2908 obsewata
2153 2858 2285 2909 sunt
2318 2855 2383 2908 iu
2417 2871 2526 2909 usu
2562 2872 2630 2910 ac

1502 2927 1722 2982 ratione
1756 2925 2004 2992 dicendi,
2055 2926 2186 2980 haec
2224 2955 2289 2964 —-
2329 2926 2629 2981 distributa

1501 3003 1649 3051 swnt.

1572 3068 1756 3123 nihili.
1821 3066 1981 3121 Varr.
2021 3067 2058 3120 1.
2097 3066 2135 3122 1.
2176 3073 2226 3137 9,
2267 3071 2298 3121 5
2337 3084 2490 3136 quem
2517 3085 2625 3136 pu-

1501 3143 1684 3194 tamus
1729 3153 1838 3192 esse
1881 3153 1997 3192 non
2030 3138 2135 3192 hili
2171 3138 2406 3193 dicimus
2442 3138 2624 3192 nihili.

1504 3209 1582 3266 Id.
1624 3214 1685 3277 8,
1732 3215 1802 3264 36
1859 3209 2093 3263 dicimus
2148 3209 2291 3262 euim
2340 3209 2430 3262 hic
2472 3209 2628 3263 homo

1503 3282 1672 3335 nihili
1696 3286 1747 3334 et
1772 3280 1940 3333 huius
1964 3279 2202 3333 hominis
2228 3279 2411 3333 nihili.
2441 3277 2626 3334 Plaut.

1505 3350 1624 3407 Cas.
1663 3351 1717 3462 191
1764 3355 1823 3418 3,
1863 3354 1930 3403 23
1982 3350 2129 3404 uude
2172 3350 2223 3404 is
2266 3348 2474 3404 nihili?
2530 3350 2629 3404 ubi

1502 3424 1687 3490 fuisti.

1574 3499 1624 3549 et
1660 3492 1813 3548 steht
1856 3492 2149 3547 bisweilen
2185 3492 2291 3547 wie
2336 3491 2485 3559 hier,
2531 3509 2627 3549 um

1504 3564 1595 3619 die
1641 3562 1952 3634 propositio
2002 3564 2185 3619 minor
2228 3562 2309 3617 im
2356 3561 2628 3633 Syllogis·

1502 3652 1627 3690 mus
1666 3634 2045 3702 einzuffihren,
2071 3652 2162 3691 wo
2190 3633 2444 3703 haufiger
2470 3636 2630 3703 atqui

1504 3707 1640 3762 oder
1673 3711 1861 3774 atque,
1911 3711 2093 3761 autem
2130 3707 2297 3761 steht.
2375 3706 2429 3760 S.
2461 3705 2510 3760 V
2544 3712 2626 3772 17,

1504 3784 1572 3833 49
1610 3776 1691 3831 Et
1726 3781 1803 3831 est
1840 3778 1947 3833 661.
2012 3776 2252 3846 Seyffert
2287 3775 2475 3833 Schol.
2503 3775 2624 3831 Lat.

1567 3866 1714 3988 Ι1)(94).
1763 3918 1822 3973 9.
1898 3918 2244 3974 Heracleotes
2297 3917 2627 3990 Dionysius,

1503 4007 1545 4045 s,
1585 4009 1629 4044 z.
1670 3990 1720 4044 II
1758 3995 1844 4059 25,
1883 3994 1968 4044 60.

1573 4062 1652 4116 ad
1687 4078 1769 4129 ea,
1805 4080 1849 4115 z.
1889 4061 1913 4114 Ι
1950 4066 2003 4129 4,
2043 4066 2088 4116 7.

1573 4134 1698 4198 hoc,
1734 4137 1798 4188 ut
1833 4132 2059 4201 opinor,
2096 4132 2255 4187 modo
2298 4132 2628 4188 bezeichnet

1505 4205 1604 4259 das
1667 4202 1953 4272 Folgende
2023 4202 2108 4256 als
2176 4200 2398 4259 Ciceros
2462 4204 2649 4279 eigne

1503 4261 1903 4345 Ubersetz‘ung.
