2902 4649
346 140 476 205 110
1126 142 1202 197 M.
1241 140 1488 196 TULLII
1525 139 1911 195 CICERONIS

342 310 405 369 in
444 327 515 369 eo
554 307 726 389 libro,
756 326 933 388 quem
971 310 1213 388 scripsit
1241 307 1314 369 de
1342 310 1461 369 vita
1497 307 1686 388 beata,
1722 310 1784 368 in
1827 325 1946 387 quo
1983 307 2169 368 multa
2198 308 2478 391 disputat,
2518 327 2699 388 quam

343 396 420 457 ob
465 415 595 458 rem
640 400 721 476 is,
768 400 872 478 qui
915 404 1296 478 torqueatur,
1344 399 1446 477 qui
1493 399 1825 478 crucietur,
1883 396 2096 457 beatus
2142 414 2274 457 esse
2320 415 2440 457 non
2486 400 2696 476 possit.

341 483 410 546 In
457 505 527 547 eo
576 488 753 548 etiam
808 493 1054 565 putatur
1109 487 1338 567 dicere,
1397 488 1462 546 in
1522 494 1714 547 rotam
1772 485 2006 546 beatam
2064 486 2244 547 vitam
2307 504 2427 547 non
2488 504 2697 548 escen-

343 575 501 636 dere.
593 575 724 636 Non
771 593 1024 656 usquam
1069 576 1130 637 id
1179 576 1419 655 quidem
1465 574 1610 636 dicit
1650 576 1920 657 omnino,
1966 574 2072 635 sed
2118 581 2270 654 quae
2318 575 2487 658 dicit,
2532 575 2695 636 idem

253 680 320 731 25
340 663 552 725 valent.
645 663 895 725 Possum
933 667 1143 746 igitur,
1189 667 1288 725 cui
1326 666 1728 725 concesserim
1772 667 1835 725 in
1881 663 2048 725 malis
2096 682 2227 725 esse
2277 664 2512 726 dolores
2558 683 2691 726 cor-

340 754 504 833 poris
513 801 533 835 ,
594 755 658 814 in
713 753 881 814 malis
937 754 1245 833 naufragia
1288 754 1590 833 fortunae,
1654 753 1795 815 huic
1859 770 2217 814 succensere
2282 753 2506 814 dicenti
2569 772 2692 814 non

341 859 552 903 omnes
596 842 786 903 bonos
833 862 964 904 esse
1011 842 1244 924 beatoS,
1300 860 1437 903 cum
1494 844 1555 903 in
1611 860 1819 903 omnes
1873 841 2064 903 bonos
2119 860 2215 923 ea,
2270 860 2422 921 quae
2476 842 2573 903 ille
2630 845 2698 903 in

340 930 510 991 malis
574 939 874 1012 numerat,
939 931 1152 992 cadere
1214 928 1493 1010 possint?
1581 930 1840 992 Vexatur
1904 930 2062 992 idem
2119 930 2567 1011 Theophrastus
2634 940 2698 992 et

339 1018 510 1080 libris
558 1028 619 1081 et
665 1019 883 1081 scholis
939 1022 1206 1081 omnium
1259 1018 1778 1101 philosophorum,
1836 1020 1993 1100 quod
2048 1022 2111 1080 in
2167 1019 2524 1082 Callisthene
2582 1038 2696 1081 suo

339 1107 593 1170 laudarit
636 1108 795 1169 illam
843 1111 1196 1170 sententiam

883 1215 1077 1278 Vitem
1122 1209 1288 1293 reqit
1324 1215 1612 1293 fortuna,
1657 1235 1779 1279 non
1823 1215 2143 1294 sapientia.

337 1322 569 1401 Negant
605 1321 677 1383 ah
716 1323 836 1384 ullo
874 1322 1224 1403 philosopho
1265 1324 1585 1404 quicquam
1622 1323 1849 1384 dictum
1886 1341 2017 1384 esse
2059 1322 2413 1403 languidius
2504 1322 2692 1385 Recte

339 1411 400 1472 id
448 1412 716 1493 quidem,
764 1411 867 1472 sed
915 1411 1061 1473 nihil
1106 1411 1387 1492 intellego
1436 1412 1556 1473 dici
1606 1414 1873 1492 potuisse
1931 1414 2316 1474 constantius,
2412 1411 2476 1472 Si
2529 1415 2696 1473 enim

338 1508 428 1561 tot
474 1508 616 1561 sunt
658 1503 721 1561 in
768 1519 1019 1581 corpore
1065 1501 1247 1582 hona,
1294 1508 1385 1562 tot
1430 1508 1599 1564 extra
1638 1519 1856 1581 corpus
1901 1502 1964 1561 in
2012 1519 2154 1562 casu
2201 1511 2380 1581 atque
2428 1502 2689 1582 fortuna,

338 1607 536 1650 nonne
584 1598 1051 1650 consentaneum
1097 1598 1192 1651 est
1235 1589 1369 1670 plus
1414 1591 1740 1670 fortunam,
1787 1608 1938 1669 quae
1977 1590 2213 1650 domina
2250 1608 2455 1651 rerum
2502 1593 2581 1651 sit
2627 1598 2738 1668 et,

338 1686 720 1739 externarum
786 1688 848 1740 et
912 1679 983 1739 ad
1049 1697 1269 1758 corpus
1334 1681 1790 1760 pertinentium,
1860 1696 2035 1758 quam
2092 1678 2407 1740 consilium
2454 1676 2699 1740 valere?

247 1783 315 1833 26
335 1766 427 1828 An
472 1766 767 1829 malumus
813 1767 1140 1847 Epicurum
1175 1764 1451 1829 imitari?
1512 1770 1615 1847 qui
1674 1767 1858 1828 multa
1915 1766 2217 1847 praeclare
2280 1786 2457 1848 saepe
2517 1768 2697 1851 dicit;

338 1874 515 1935 quam
581 1859 740 1916 enim
805 1856 919 1917 sibi
983 1865 1327 1919 constanter
1392 1858 1936 1937 convenienterque
2001 1856 2182 1937 dicat,
2251 1874 2371 1917 non
2440 1856 2691 1918 laborat.

335 1944 563 2005 Laudat
619 1953 861 2005 tenuem
920 1947 1160 2007 victum.
1250 1944 1598 2025 Philosophi
1659 1943 1750 2005 id‘
1785 1945 2051 2026 quidem,
2117 1945 2222 2007 sed
2280 1947 2340 2005 si
2406 1945 2691 2007 Socrates

336 2042 439 2094 aut
492 2032 875 2094 Antisthenes
932 2034 1185 2115 diceret,
1249 2053 1369 2096 non
1435 2038 1514 2114 13,
1580 2036 1683 2113 qui
1746 2036 1926 2095 finem
1984 2033 2280 2095 bonorum
2324 2034 2694 2115 voluptatem

337 2140 468 2183 esse
524 2122 758 2184 dixerit.
849 2122 1036 2202 Negat
1091 2140 1450 2204 quemquam
1508 2122 1767 2184 iucunde
1827 2141 2005 2203 posse
2063 2126 2287 2204 vivere,
2352 2125 2468 2184 nisi
2524 2124 2696 2184 'idem

334 2212 612 2293 honeste,
660 2213 959 2291 sapienter
1005 2214 1280 2292 iusteque
1327 2214 1499 2273 vivat.
1590 2212 1748 2272 Nihil
1804 2214 2067 2294 graviuS,
2124 2210 2271 2273 nihil
2315 2211 2696 2292 philosophia

291 2376 296 2379 ,
334 2300 599 2382 digniuS,
646 2302 763 2362 nisi
807 2300 965 2362 idem
1008 2299 1123 2363 hoc
1169 2305 1367 2382 ipsum
1403 2301 1652 2363 honeste
1662 2332 1691 2384 ,·
1729 2303 2054 2383 sapienter,
2099 2304 2255 2364 iuste
2303 2301 2376 2362 ad
2422 2301 2692 2382 volupta-

331 2399 455 2456 tem
517 2390 790 2451 referret.
884 2390 1039 2462 Quid
1109 2391 1323 2452 melius
1381 2408 1560 2470 quam
1621 2391 1920 2461 fortunam
1981 2393 2252 2471 exiguam
2316 2393 2684 2453 intervenire

333 2559 395 2597 er
430 2545 640 2597 unnfitz
676 2542 785 2609 sei,
833 2543 925 2598 die
962 2544 1241 2615 geistigen
1279 2543 1457 2599 Gfilzer
1564 2543 1615 2598 X
1665 2519 1764 2598 131
1821 2543 1921 2598 καὶ
1983 2539 2134 2631 μάζα
2197 2543 2297 2598 καὶ
2359 2539 2515 2613 ὕδωρ
2577 2565 2692 2630 την

333 2614 470 2669 aber
515 2632 611 2668 um
660 2631 721 2670 so
766 2615 925 2668 mehr
972 2617 1113 2669 werf.
1158 2616 1341 2686 scien,
1393 2616 1455 2685 je
1564 2609 1883 2701 ἀκροτάτην
1978 2610 2354 2671 ἄποδιδοῦσιν
2430 2611 2690 2702 ἡδονήν,

333 2684 551 2754 grosser
589 2685 670 2741 sie
708 2684 877 2742 seien.
1566 2682 1803 2741 ἐπειδὰν
1870 2681 2085 2741 ἐνδέων
2157 2707 2241 2749 τις
2306 2683 2454 2741 αὐτὰ
2517 2705 2688 2754 προς-

403 2757 467 2811 in
503 2773 562 2812 eo
598 2758 769 2825 Horo,
816 2758 899 2812 ‘in
935 2758 1123 2830 Bezug
1158 2757 1298 2816 auf'.
1372 2759 1455 2813 ΠΙ
1564 2755 1882 2826 ενέγκηται.

335 2833 428 2897 18,
467 2833 536 2881 39
565 2829 762 2898 inquo
787 2829 919 2884 haec
945 2831 1242 2885 admiratio
1271 2830 1451 2899 fiebat.
1634 2827 2008 2895 Antisthenes,
2080 2827 2363 2883 Sokrates'
2431 2829 2687 2900 Schfiler,

330 2898 460 2968 Vgl.
497 2898 577 2952 IV
614 2905 797 2968 '1‚16.
1562 2899 1663 2954 der
1700 2899 1896 2955 Stister
1949 2899 2050 2954 der
2103 2897 2406 2969 cynischen
2455 2872 2687 2969 Subulo,

404 2976 556 3036 rota,
601 2965 823 3039 τρόχος,
875 2969 997 3026 eine
1043 2971 1103 3026 in
1149 2970 1454 3028 Griechen-
1562 2971 1805 3026 welcher
1850 2970 1952 3025 das
1986 2971 2370 3026 Wesentliche
2419 2988 2530 3027 von
2579 2971 2687 3027 So-

331 3039 469 3095 land
524 3040 925 3109 angewendete
976 3041 1288 3111 Maschine‚
1354 3041 1458 3097 auf
1560 3041 1767 3096 krates'
1795 3041 1974 3096 Lehre
2010 3042 2070 3096 in
2106 3042 2205 3096 der
2233 3042 2337 3096 auf
2358 3042 2683 3097 Bedfirfnis-

332 3111 550 3166 welche
590 3111 931 3167 Verurteilte
976 3112 1291 3182 geflochten
1335 3114 1453 3168 und
1561 3112 1830 3183 losigkeit
1874 3112 2233 3167 beruhenden
2279 3112 2482 3168 Unabh
2619 3132 2686 3185 g-

331 3183 946 3263 herumgeschwungen
1015 3184 1267 3250 wurden,
1354 3202 1453 3238 um
1561 3183 1681 3239 keit
1717 3183 1814 3238 des
1842 3182 2177 3239 Charakters
2204 3184 2321 3238 und
2355 3183 2418 3238 in
2444 3183 2543 3239 der

330 3253 414 3309 sie
450 3272 578 3308 zum
614 3254 952 3310 Gestandnis
987 3273 1054 3308 zu
1092 3254 1342 3352 bringen.
1559 3254 1901 3310 friedenheit
1936 3254 2055 3310 sah.

403 3326 652 3392 omnine,
684 3324 1148 3394 ‘ausdriicklich',
1166 3326 1272 3381 wie
1293 3328 1450 3381 sonst
1631 3325 1752 3397 Ney
1754 3331 1815 3382 at
1868 3328 1973 3381 cet.
2025 3325 2218 3415 Diqss·
2284 3326 2336 3380 X
2402 3331 2502 3380 132
2569 3320 2685 3381 οὐκ

331 3396 525 3466 Ιιῆιιῆς
555 3398 725 3465 plane
760 3398 929 3452 steht.
1562 3344 1752 3452 ἔστιν9
1756 3394 1941 3466 ἡδέως
1987 3397 2088 3466 ζῆν
2135 3416 2279 3452 ανευ
2329 3398 2431 3451 τοῦ
2483 3416 2562 3467 φρ
2563 3399 2686 3452 cvl-

404 3472 489 3524 25.
556 3468 804 3523 Vexatur
838 3469 1009 3523 idem:
1062 3469 1202 3523 stati:
1253 3468 1451 3524 deinde
1560 3487 1675 3537 μως
1710 3470 1810 3522 καὶ
1855 3468 2040 3531 καλῶς
2083 3469 2182 3523 καὶ
2228 3469 2488 3538 δικαίως,
2531 3417 2683 3523 οὐδὲ

332 3539 460 3593 dem
497 3539 998 3609 vorhergehenden
1036 3541 1280 3608 primum
1327 3541 1450 3594 enb—
1559 3541 1847 3628 ‹poom'pmg
1899 3538 1999 3594 καὶ
2051 3539 2234 3602 καλῶς
2288 3540 2389 3594 καὶ
2443 3540 2685 3603 δικαίως

333 3609 668 3679 sprechend‚
716 3629 757 3664 s.
804 3628 849 3664 z.
897 3609 924 3663 I
968 3616 1060 3678 13,
1098 3616 1167 3665 30
1203 3630 1256 3666 u.
1296 3611 1323 3663 I
1358 3616 1449 3681 41,
1559 3630 1700 3665 ανευ
1738 3631 1840 3665 του
1878 3606 2078 3681 ἡδέως.

332 3686 401 3735 97
437 3682 550 3734 sive
585 3709 655 3720 -—
690 3682 782 3734 sin
814 3697 944 3736 vera
982 3687 1127 3741 swnt.
1628 3683 1705 3738 ad
1743 3684 2074 3751 voluptatem
2117 3683 2357 3750 referret.
2433 3682 2687 3737 Gerecht

400 3751 624 3817 scholis,
667 3749 1007 3822 Vortragen‚
1050 3748 1446 3823 ὑπομνήματα.
1555 3754 1805 3809 handeln
1849 3754 1955 3809 soll
1999 3769 2133 3808 man
2174 3754 2239 3824 ja.
2280 3755 2429 3809 nach
2461 3753 2548 3823 Ep
2551 3752 2686 3807 ikur

402 3825 467 3878 in
496 3822 822 3878 Callisthene
846 3839 973 3889 suc,
1010 3841 1051 3878 e.
1081 3842 1126 3878 z.
1151 3823 1233 3877 111
1257 3830 1338 3892 10,
1360 3832 1443 3880 21.
1554 3824 1715 3879 nicht
1761 3843 1860 3879 um
1895 3825 1995 3880 der
2031 3823 2456 3907 Gerechtigkeit
2491 3824 2683 3879 selber

409 3894 594 3949 Vitam
613 3889 894 3963 ceum-251²]
914 3891 984 3948 τὰ
1010 3895 1241 3963 θνητῶν
1268 3892 1447 3966 πράγ-
1554 3894 1772 3966 willen,
1819 3894 2060 3951 sondern
2103 3915 2209 3951 nur
2244 3895 2375 3950 weil
2408 3910 2542 3950 man
2576 3895 2681 3950 da-

331 3959 949 4091 ματ’,8οέ<1;ἰ)ἓευβουλ1ία
967 3963 1109 4088 IDer
1125 3964 1267 4092 Vlegg
1305 3966 1448 4091 νέιιᾶ
1554 3966 1730 4091 ffich
1767 3967 2072 4092 diehStrafe
2095 3966 2254 4092 gandi]
2261 3965 2541 4092 (1θῖξὲιὲ
2575 3965 2682 4021 der

330 4052 444 4091 von
680 4055 746 4090 ns
802 4053 865 4092 ec
1089 4077 1100 4090 .
1358 4053 1448 4092 em
1663 4054 1856 4093 mense
1894 4054 1965 4092 en
2017 4055 2095 4092 un
2256 4054 2287 4091 e

332 4105 646 4162 Ch’aremon
672 4108 970 4179 beigelegt.
1074 4108 1220 4161 auck
1245 4109 1316 4162 tr.
1345 4108 1443 4163 rel.
1555 4108 1653 4163 der
1691 4108 1850 4163 Seele
1886 4109 2207 4164 vermeidet.
2517 4055 2677 4108 gang

329 4198 385 4250 p.
452 4183 572 4233 607.
654 4177 762 4235 Die
827 4181 1064 4236 Sentenz
1134 4178 1269 4234 aber
1331 4195 1449 4233 war
1623 4180 1910 4246 fortunam
1964 4181 2220 4250 eoeiyuam
2273 4182 2498 4247 intem„
2542 4179 2599 4236 d.
2636 4178 2677 4236 i.

331 4249 797 4320 sprichwtirtlich.
1553 4252 1833 4307 machtlos
1889 4250 1970 4306 sei
2024 4252 2125 4307 das
2182 4251 2483 4321 Geschick,
2539 4251 2678 4306 wel-

403 4328 488 4376 26.
524 4321 755 4377 Laudat
781 4327 989 4378 tenuem
1013 4324 1245 4378 victum:
1282 4320 1443 4391 Diog.
1556 4322 1686 4377 ches
1741 4323 1851 4378 den
1885 4321 2116 4379 Weisen
2168 4322 2323 4379 triffi.
2398 4322 2563 4393 Diog.
2621 4321 2676 4376 X
