2902 4649
575 158 1179 216 TUSCULANARUM
1214 160 1828 218 DISPUTATIONUM
1864 163 1962 218 III.
2003 169 2229 219 18-22.
2499 165 2581 229 15

217 325 370 387 Male
414 324 625 387 Latine
672 326 925 407 videtur,
972 326 1077 387 sed
1122 327 1427 406 praeclare
1475 328 1717 410 Accius3
1772 336 1840 391 ut
1886 332 2046 390 enim
2096 329 2312 410 videre,
2360 331 2445 391 sic
2491 331 2579 391 in·

218 415 423 476 videre
476 414 689 476 florem
743 417 971 477 rectius
1027 433 1208 495 quam
1262 417 1415 478 flori.
1506 416 1629 478 Nos
1685 418 2116 480 consuetudine
2162 417 2579 500 prohibemur3
2603 474 2691 538 10

216 510 397 585 poeta
440 505 538 565 ius
584 522 761 565 suum
818 507 1012 567 tenuit
1066 512 1128 566 et
1182 505 1333 567 dixit
1376 506 1677 567 audacius
1770 506 1940 568 Cadit
1983 509 2168 586 igitur
2211 509 2276 568 in
2323 508 2580 569 eundem
2598 552 2665 600 21

218 601 285 654 et
342 594 619 654 misereri
678 600 738 654 et
795 594 1081 655 invidere.
1171 593 1321 656 Nam
1376 597 1483 674 qui
1537 594 1698 656 dolet
1753 595 1938 657 rebus
1993 596 2243 658 alicuius
2299 596 2579 677 adversis,

216 681 381 743 idem
425 681 675 744 alicuius
722 685 900 745 etiam
947 683 1227 746 secundis
1273 683 1453 765 dolet,
1499 691 1567 745 ut
1612 683 2077 766 TheophrastuS,
2121 686 2434 746 interitum
2478 684 2579 745 de·

217 770 462 849 plorans
508 769 886 834 Callisthenis
933 772 1153 834 sodalis
1200 775 1323 854 sui,
1368 772 1553 833 rebus
1597 772 1917 834 Alexandri
1961 775 2267 854 prosperis
2315 775 2579 852 angitur3

217 861 422 938 itaque
487 858 631 920 dicit
697 858 1116 923 Callisthenem
1179 861 1460 923 incidisse
1525 863 1585 921 in
1652 861 1956 923 hominem
2020 880 2250 923 summa
2311 863 2578 941 potentia

219 965 572 1026 summaque
620 948 884 1030 fortuna,
931 950 1036 1010 sed
1082 953 1385 1032 ignarum,
1433 967 1613 1030 quem
1659 950 1732 1011 ad
1779 951 2021 1012 modum
2067 950 2250 1013 rebus
2296 950 2579 1012 secundis

218 1037 314 1097 uti
360 1038 721 1097 conveniret.
815 1037 997 1117 Atqui
1040 1056 1221 1117 quem
1268 1039 1341 1100 ad
1386 1039 1632 1099 modum
1677 1039 2088 1101 misericordia
2133 1039 2441 1119 aegritudo
2487 1044 2580 1099 est

222 1143 299 1185 ex
346 1124 591 1185 alterius
639 1124 822 1186 rebus
869 1126 1159 1208 adversis»,
1216 1129 1304 1188 sic
1348 1127 1674 1189 invidentia
1718 1128 2028 1207 aegritudo
2076 1136 2169 1189 est
2213 1146 2286 1189 ex
2333 1126 2579 1189 alterius

218 1212 406 1275 rebus
453 1214 749 1275 secundis
839 1213 908 1275 In
956 1233 1133 1294 quem
1179 1217 1362 1295 igitur
1409 1216 1567 1277 cadit
1614 1218 1914 1298 misereri,
1972 1219 2035 1278 in
2089 1217 2345 1278 eundem
2401 1218 2579 1277 etiam

219 1302 508 1364 invidere.
598 1301 734 1363 Non
788 1302 946 1364 cadit
999 1310 1199 1365 autem
1251 1305 1517 1366 invidere
1571 1307 1635 1365 in
1681 1308 2037 1385 sapientem:
2093 1323 2234 1384 ergo
2282 1323 2356 1366 ne
2403 1306 2578 1365 mise—

217 1393 344 1452 reri
391 1390 648 1476 quidem.
741 1391 914 1463 Quod
960 1395 1012 1453 si
1058 1411 1234 1472 aegre
1283 1393 1441 1454 ferre
1490 1396 1727 1473 sapiens
1775 1394 2022 1476 soleret,
2078 1395 2352 1455 misereri
2398 1395 2577 1454 etiam

215 1479 455 1541 soleret.
546 1479 730 1542 Abest
776 1497 920 1560 ergo
964 1500 999 1541 a
1045 1484 1310 1561 sapiente
1357 1482 1683 1562 aegritudo.

393 1567 553 1628 Haec
615 1570 702 1629 sic
757 1569 1042 1638 dicuntur
1089 1589 1119 1631 a
1170 1570 1387 1632 Stoicis
1443 1571 2003 1651 concludunturque
2052 1572 2414 1652 contortius;
2469 1569 2576 1631 sed
2596 1576 2664 1625 22

216 1657 396 1717 latius
454 1656 753 1735 aliquanto
808 1658 1059 1719 dicenda
1120 1667 1261 1720 sunt
1317 1666 1377 1721 et
1422 1659 1723 1741 diffusius,
1780 1662 2096 1721 sententiis
2152 1667 2349 1720 tamen
2405 1667 2576 1720 uten-

216 1746 364 1807 dum
408 1763 617 1806 eorum
662 1748 1067 1829 potissimum,
1115 1750 1220 1828 qui
1265 1750 1517 1809 maxime
1564 1749 1707 1810 forti
1753 1757 1839 1830 et,
1902 1757 1970 1810 ut
2016 1750 2097 1809 ita
2144 1748 2362 1828 dicam,
2420 1747 2578 1808 virili

216 1841 477 1896 utuntur
511 1836 743 1896 ratione
782 1843 964 1915 atque
1002 1838 1314 1899 sententia.
1386 1836 1537 1897 Nam
1571 1836 1975 1919 Peripatetici,
2012 1836 2331 1899 familiares
2369 1838 2578 1919 nostri,

217 1922 442 2001 quibus
498 1922 645 1983 nihil
700 1932 793 1985 est
849 1925 1125 2006 uberius,
1185 1925 1333 1986 nihil
1388 1926 1711 2008 eruditiuS,
1759 1926 1908 1988 nihil
1953 1929 2217 2009 gravius,
2265 1919 2576 1988 mediocri·

212 2018 372 2073 tates
414 2011 510 2072 vel
548 2012 1070 2091 perturbationum
1115 2014 1209 2076 vel
1263 2013 1611 2076 morborum
1668 2017 1849 2076 animi
1894 2015 2042 2076 mihi
2087 2033 2207 2076 non
2254 2032 2396 2075 sane
2443 2032 2578 2093 pro·

212 2099 374 2161 bant.
468 2098 657 2161 Omne
705 2103 865 2163 enim
910 2103 1149 2184 malum,
1197 2105 1374 2164 etiam
1419 2102 1740 2184 mediocre,
1787 2104 2008 2165 malum
2055 2112 2173 2184 est3
2221 2121 2332 2164 nos
2378 2111 2578 2163 autem

211 2189 278 2250 id
324 2191 587 2272 agimus„
632 2197 702 2252 ut
746 2190 806 2251 id
853 2193 915 2252 in
964 2193 1230 2271 sapiente
1277 2191 1509 2254 nullum
1556 2194 1632 2253 sit
1679 2195 1938 2253 omnino.
2030 2192 2180 2254 Nam
2226 2200 2292 2253 ut
2339 2209 2577 2271 corpuS,

287 2414 431 2469 male
492 2413 726 2484 Latine,
800 2416 1048 2471 namlieh
1120 2418 1340 2473 dictmn.

212 2484 508 2541 Vielmehr
548 2502 670 2542 war
713 2505 781 2541 zu
828 2487 1047 2543 Accius'
1086 2488 1207 2543 Zeit
1251 2489 1344 2543 ein

210 2557 521 2613 Accusativ
574 2557 676 2612 der
730 2558 912 2613 Sache
977 2559 1071 2614 bei
1125 2561 1344 2616 invideo

211 2627 377 2683 nicht
394 2627 844 2698 ungewohnlich,
856 2629 963 2684 wie
977 2629 1179 2687 Accius
1197 2631 1342 2687 auch

212 2700 421 2754 Atreus
485 2704 588 2753 215
659 2699 958 2769 (Ribbeck)
1030 2703 1125 2757 sed
1199 2704 1343 2771 quod

211 2771 378 2824 multi
402 2771 692 2824 invideant
719 2773 877 2853 811315,
902 2773 1018 2827 und
1047 2772 1167 2828 sich
1196 2773 1341 2828 auch

210 2843 401 2911 spiiter
437 2840 725 2895 bisweilen
777 2841 869 2895 ein
903 2841 1206 2898 Accusativ
1241 2844 1341 2898 der

209 2912 399 2966 Sache
437 2912 619 2966 neben
648 2911 779 2966 dem
806 2911 977 2968 Dativ
1003 2914 1103 2969 der
1130 2915 1341 2970 Person

214 2981 408 3037 findet.
483 2981 687 3037 Accius
742 2984 845 3038 hat
894 2986 1140 3041 mvidere
1188 2986 1340 3042 wohl

209 3054 273 3107 in
338 3052 470 3107 dem
526 3051 693 3108 Sinne
753 3057 977 3124 gesagtz
1048 3056 1185 3112 ‘wer
1238 3057 1342 3112 hat

212 3122 396 3179 durch
421 3122 750 3179 neidisehen
767 3124 932 3180 Bliek
958 3128 1339 3197 geschitdigt',

211 3195 323 3250 wie
353 3195 454 3249 das
471 3195 639 3250 Wort
665 3194 759 3250 bei
785 3194 976 3251 Catull
999 3202 1141 3267 5,12
1170 3170 1339 3254 steht:

284 3265 431 3335 Καρ.
460 3266 558 3321 10.
594 3272 681 3320 21.
718 3268 913 3337 iyitur,
942 3286 984 3323 s.
1006 3287 1051 3325 z.
1070 3268 1231 3337 1122,
1253 3274 1352 3331 51.,

291 3284 715 3406 Theophrastus,
745 3355 786 3394 8.
816 3357 861 3393 z.
891 3340 918 3393 I
947 3345 1033 3408 19,
1060 3345 1146 3396 45.
1199 3340 1340 3395 Dem

209 3408 529 3464 Andenken
554 3409 654 3463 des
672 3382 1054 3465 Kallisthenes
1076 3411 1340 3466 widmete

211 3495 274 3534 er
312 3479 407 3534 die
444 3479 658 3534 Schrift
691 3480 1084 3550 Καλλισθένης
1129 3476 1164 3551 ἢ
1211 3482 1341 3552 περὶ

211 3547 490 3612 πένθους.
563 3549 617 3605 S.
655 3550 708 3605 V
748 3558 833 3619 10,
871 3557 955 3606 25.

289 3619 658 3689 Callisthenes,
674 3594 1023 3678 Arist'oteles'
1037 3622 1216 3690 Neffe,
1227 3642 1343 3679 war

211 3692 309 3747 ein
355 3692 527 3746 Manu
569 3709 681 3748 von
726 3693 993 3749 barachel·
1041 3666 1340 3751 Offenbeit.

210 3763 293 3817 Er
329 3762 638 3832 begleitete
671 3761 990 3821 Alexander
1030 3766 1113 3820 als
1148 3766 1339 3822 Histo-

209 3833 488 3916 riograph
531 3833 634 3889 auf
665 3835 795 3891 dem
833 3836 987 3905 Zuge
1021 3837 1170 3892 nach
1206 3837 1341 3892 Per-

209 3903 336 3960 sien
417 3905 534 3959 und
603 3906 957 3963 widersetzte
1037 3908 1159 3962 sich
1232 3908 1343 3963 den

213 3975 714 4046 Schmeicheleien,
752 3978 844 4033 die
877 3978 996 4033 sich
1024 3978 1343 4034 Alexander

212 4064 356 4118 gern
383 4046 635 4118 gefallen
664 4017 804 4104 liess.
845 4049 882 4103 S
882 4052 1046 4119 pater
1072 4050 1173 4106 der
1191 4051 1339 4106 'reil-

212 4121 421 4175 1111111118
476 4136 552 4174 an
602 4118 702 4174 der
746 4067 1051 4176 Verschwo
1242 4122 1340 4177 des

212 4189 551 4247 Hermolaoo
613 4190 1006 4261 beschuldigt,
1242 4193 1343 4248 11111

211 4261 537 4317 Alexander
572 4261 762 4317 haben
797 4265 959 4318 toten
993 4264 1197 4321 lassen.

285 4348 445 4405 aegre
487 4333 634 4400 ferre
671 4358 740 4380 ε-
776 4335 1124 4404 aem-itudine
1169 4335 1340 4405 affici.

1525 2421 1611 2471 22.
1649 2417 1941 2500 diffusiuS,
1976 2415 2366 2486 weitlaufiger‚
2404 2416 2579 2470 daher

1450 2488 1664 2555 klarer,
1701 2489 1782 2542 im
1818 2489 1901 2544 Ge
1943 2490 2134 2544 ensatz
2169 2505 2237 2541 zu
2274 2489 2578 2542 contortius

1449 2530 1793 2628 381111ηέ1811..
1942 2576 2006 2614 as
2079 2558 2576 2641 381115881111811818

1449 2630 1618 2686 Wort
1651 2629 1712 2684 in
1749 2630 1960 2685 diesem
1993 2630 2161 2685 Sinne
2189 2628 2266 2683 ist
2289 2630 2431 2697 fuse,
2468 2629 2576 2684 wie

1447 2701 1572 2767 fuse
1607 2706 1657 2755 et
1693 2702 1800 2756 late
1836 2702 2031 2768 dicere,
2065 2702 2290 2755 uberius
2316 2707 2367 2754 et
2391 2702 2578 2767 fusius

1449 2772 1954 2898 asmata?
1981 2742 2113 2909 222³}
2134 2771 2234 2911 ,3¹03
2271 2769 2451 2912 {lan}
2489 2776 2577 2896 ΞΞ.

1448 2914 1689 2982 disperse
1733 2919 1783 2968 et
1827 2914 2029 2981 diffuse
2077 2914 2256 2969 dictae
2300 2930 2477 2968 wnum
2511 2914 2577 2967 in

1448 2985 1626 3039 locum
1661 2990 1948 3056 coquntur.

1523 3054 1912 3126 Peripatetici.
1968 3056 2038 3110 de
2093 3056 2184 3111 fin.
2222 3055 2373 3124 Va,
2419 3061 2451 3109 ’1
2506 3071 2576 3109 ex

1447 3142 1634 3181 eorum
1698 3129 1843 3182 enim
1904 3129 2129 3195 scriptis
2190 3133 2279 3183 et
2302 3127 2576 3182 institutis

1449 3213 1574 3251 cum
1609 3200 1788 3253 ommis
1823 3199 2079 3253 doctrina
2107 3198 2371 3265 liberalis,
2399 3198 2576 3251 omnis

1446 3268 1710 3334 historia,
1754 3269 1931 3324 omnis
1965 3284 2135 3323 sermo
2180 3269 2395 3337 elegans
2429 3268 2576 3322 sami

1439 3343 1644 3407 potest,
1660 3345 1778 3394 tum
1793 3341 2035 3395 varietas
2061 3343 2139 3393 est
2156 3344 2318 3394 tanta
2344 3339 2573 3405 artium,

1446 3414 1514 3463 ut
1575 3427 1728 3465 nemo
1788 3412 1907 3465 sine
1965 3426 2025 3465 eo
2084 3411 2445 3464 instrumento
2498 3379 2575 3465 ad

1449 3481 1624 3535 ullam
1649 3498 1763 3536 rem
1788 3482 2143 3536 illustriorem
2167 3483 2308 3536 satis
2342 3485 2575 3536 ornatus

1440 3553 1641 3632 possit
1631 3553 1889 3607 accedere.
1894 3551 2110 3622 Wegen
2120 3551 2302 3608 dieses
2311 3552 2575 3620 Nutzens,

1450 3622 1559 3676 den
1597 3620 1678 3677 sie
1717 3623 1845 3676 dem
1872 3621 2098 3677 Redner
2125 3622 2324 3694 g,eben
2351 3624 2576 3678 werden

1451 3692 1532 3747 sie
1569 3694 1877 3760 familiares
1911 3696 2090 3750 nostri
2127 3698 2394 3793 genennt,

1520 3766 1919 3820 mediocritates
1962 3766 2241 3834 pert-arb„
2309 3754 2475 3821 ‘die'
2480 3780 2572 3834 ge-

1449 3834 1751 3905 marsigten
1819 3835 2331 3924 Leidenschaften',
2403 3835 2572 3890 Arist.

1447 3907 1580 3961 Eth.
1626 3906 1751 3962 Nic.
1802 3906 1858 3960 II
1913 3913 1947 3963 5
2001 3902 2038 3977 ἡ
2094 3905 2159 3962 δὲ
2215 3880 2388 3978 ἀρετὴ
2441 3905 2578 3993 περὶ

1448 3974 1615 4047 πάθη
1660 3977 1762 4032 καὶ
1807 3976 2042 4065 πράξεις
2088 3974 2267 4063 ἐστίν,
2314 3976 2378 4034 ἐν
2414 3976 2501 4041 οἷς
2534 3971 2573 4065 ἡ

1450 4046 1558 4119 μὲν
1615 4043 1901 4121 ὑπερβολὴ
1957 4019 2348 4135 ἁμαρτάνεται
2390 4050 2571 4118 καὶη

1450 4118 1697 4211 5273&th
1730 4117 1988 4246 'fii-stae,
2022 4115 2087 4175 τὸ
2115 4118 2180 4175 δὲ
2211 4118 2384 4189 μέσον
2415 4069 2572 4176 ἐπαι-

1446 4197 1634 4247 νεῖται
1669 4211 1743 4246 κα
1801 4192 2206 4260 κατορθοῦται.

1521 4264 1854 4333 idayimus,
1890 4267 1974 4331 ut,
2008 4263 2574 4335 d.i.ida9imus,wt

1441 4335 1735 4404 probemus
1761 4336 1825 4389 in
1850 4335 2095 4404 sapiente
2120 4335 2337 4390 mullum
2364 4350 2486 4390 esse.
