2902 4649
555 153 1157 210 TUSCULANARUM
1196 153 1807 211 DISPUTATIONUM
1844 156 1885 210 Ι.
1927 163 2118 211 7-11.
2478 156 2520 219 9

146 320 369 383 miseri
408 328 575 401 sunt,
610 322 674 381 in
712 322 1014 382 miseriam
1050 322 1354 383 nascimur
1390 325 1832 402 sempiternam.
1915 322 2173 384 Necesse
2222 329 2316 383 est
2361 324 2522 383 enim

146 411 415 471 miseros
472 412 609 470 esse'
650 427 793 497 eos,
857 413 963 489 qui
1009 404 1260 473 'centum
1316 410 1556 472 milibus
1611 429 1905 473 annorum
1959 419 2097 472 ante
2153 410 2524 493 occiderunt,

146 498 251 559 vel
300 500 503 578 potius
549 515 784 580 omnes,
845 501 1208 579 quicumque
1256 502 1382 560 nati
1429 507 1586 561 sunt.
1678 502 1747 560 A.
1797 498 1884 562 Ita
1927 519 2180 580 prorsus
2227 501 2522 562 existimo.

146 587 241 648 M.
291 587 429 670 Dic,
493 604 744 668 quaeso.
807 605 952 648 num
1011 595 1073 649 te
1127 588 1225 649 illa
1278 596 1542 670 te1·‚rent
1605 590 1829 668 triceps
1884 589 2043 670 apud
2097 591 2325 651 inferos
2381 588 2613 651 Cer-10

146 675 374 757 herm,
423 676 631 756 Cocyti
676 662 978 761 fremitus,
1027 679 1314 738 travectio
1360 677 1744 758 AcherontiS,

539 784 737 845 mento'
781 801 1074 846 summam
1120 789 1346 860 aqilam
1392 781 1700 860 attinqens
1746 784 1994 846 enectus
2038 789 2145 846 siti

148 889 473 970 Tantalus,
522 897 647 950 tum
692 889 868 971 illud,
917 890 1077 970 quod

1663 981 1961 1057 Sisyphus
2005 988 2214 1042 versat

535 1085 757 1128 saxum
803 1071 1034 1129 sudans
1080 1071 1330 1129 nitendo
1373 1087 1570 1144 neque
1608 1072 1863 1146 proficit
1905 1072 2119 1144 hilum,

149 1173 414 1233 fortasse
468 1176 648 1234 etiam
692 1174 1089 1234 inexorabiles
1138 1174 1398 1256 iudiceS‚
1444 1175 1638 1235 Minos
1686 1183 1747 1235 et
1792 1173 2321 1238 Rhadamanthus?
2368 1177 2522 1257 apud

153 1277 313 1341 quos
369 1281 483 1340 nec
539 1269 599 1323 te
655 1261 719 1323 L.
768 1262 1019 1324 Crassus
1077 1262 1359 1324 desendet
1413 1282 1526 1325 nec
1571 1263 1645 1324 M.
1693 1263 1986 1325 Antonius
2045 1282 2183 1346 nec,
2244 1268 2523 1344 quoniam

153 1349 320 1430 apud
373 1349 634 1412 Graecos
689 1351 918 1413 iudices
973 1370 1071 1411 res
1129 1360 1365 1433 agetur,
1432 1353 1661 1433 poteris
1718 1351 1999 1413 adhibere
2056 1351 2524 1416 Demosthenen:

157 1438 273 1500 tibi
321 1441 434 1519 ipsi
480 1459 590 1520 pro
638 1448 696 1501 te
752 1442 866 1501 erit
914 1442 1164 1501 maxima
1211 1450 1432 1501 corona
1480 1458 1654 1501 causa
1703 1440 1969 1501 dicenda.
2061 1440 2221 1503 Haec
2269 1443 2523 1504 fortasse

154 1531 381 1589 metuis
439 1536 500 1589 et
554 1528 778 1590 idcirco
837 1537 1088 1590 mortem
1147 1547 1359 1590 censes
1425 1547 1558 1590 esse
1625 1531 2056 1609 sempiternum
2123 1530 2359 1592 malum.
2451 1534 2520 1592 A.
2545 1530 2587 1593 6

154 1616 402 1677 Adeone
440 1636 536 1677 me
582 1617 834 1678 delirare
875 1635 1114 1698 censeS,
1162 1625 1230 1678 ut
1275 1619 1389 1679 ista
1436 1636 1569 1678 esse
1617 1615 1904 1679 credam?
1996 1620 2080 1679 M.
2128 1619 2217 1680 An
2266 1628 2329 1681 tu
2379 1620 2526 1682 haec

157 1723 285 1766 non
333 1702 573 1767 credis?
662 1708 731 1766 A.
780 1705 1020 1767 Minime
1059 1724 1217 1767 vero.
1311 1707 1396 1767 M.
1444 1705 1592 1766 Male
1632 1706 1876 1769 hercule
1923 1725 2147 1769 narras.
2240 1709 2312 1770 A.
2360 1707 2528 1770 Cur?

159 1812 403 1875 quaeso.
496 1796 580 1855 M.
630 1794 781 1866 Quia
818 1794 1079 1856 disertus
1118 1813 1250 1855 esse
1289 1813 1556 1875 possem,
1593 1797 1648 1856 si
1686 1803 1894 1856 contra
1930 1798 2045 1857 ista
2082 1797 2361 1859 dicerem.
2443 1798 2514 1858 A.
2546 1810 2609 1858 11

157 1882 313 1955 Quis
357 1886 517 1944 enim
562 1902 681 1944 non
728 1887 791 1944 in
839 1886 968 1945 eius
1005 1883 1167 1945 modi
1203 1881 1424 1946 causa?
1471 1891 1574 1945 aut
1612 1884 1754 1963 quid
1793 1886 2017 1964 negotii
2066 1893 2158 1946 est
2193 1885 2341 1947 haec
2378 1893 2520 1967 poe·

154 1981 356 2034 tarum
404 1980 464 2033 et
508 1974 806 2052 pictorum
843 1980 1119 2052 portenta
1157 1969 1560 2033 convincere?
1642 1974 1727 2033 M.
1775 1973 1957 2052 Atqui
1992 1973 2154 2053 pleni
2201 1974 2342 2035 libri
2379 1983 2525 2037 sunt

160 2068 373 2122 contra
419 2063 531 2122 ista
568 2064 699 2141 ipsa
736 2061 1159 2122 disserentium
1197 2061 1703 2141 philosophorum.
1795 2064 1866 2122 A.
1913 2060 2121 2141 Inepte
2170 2081 2338 2144 sane3
2386 2066 2523 2143 quis

162 2152 327 2211 enim
365 2157 458 2210 est
502 2157 623 2211 tam
660 2168 870 2210 excors
908 2168 1086 2229 quem
1131 2152 1246 2211 ista
1284 2147 1599 2211 moveant}>
1681 2151 1765 2212 M.
1806 2150 1870 2211 Si
1909 2169 2053 2231 ergo
2091 2151 2247 2231 apud
2298 2153 2525 2213 inferos
2589 2154 2598 2160 ’

165 2240 373 2300 miseri
411 2257 531 2299 non
569 2246 738 2320 sunt,
786 2257 862 2299 ne
901 2246 1044 2299 sunt
1080 2239 1320 2318 quidem
1361 2238 1516 2319 apud
1555 2239 1781 2299 inferos
1817 2239 1940 2301 ulli.

2032 2241 2103 2300 A.
2152 2239 2238 2300 lta
2274 2259 2526 2320 prorsus

163 2330 457 2389 existimo.
524 2328 609 2389 M.
648 2327 764 2389 Ubi
801 2336 943 2389 sunt
979 2347 1122 2408 ergo
1164 2331 1232 2410 ii,
1271 2348 1424 2408 quos
1463 2331 1716 2389 miseros
1755 2328 1933 2409 dicis,
1972 2338 2075 2390 aut
2111 2348 2292 2408 quem
2329 2330 2527 2391 locum

165 2414 485 2478 incolunt}>
560 2416 625 2477 Si
662 2419 820 2478 enim
859 2425 1026 2498 sunt,
1073 2435 1369 2497 nusquam
1407 2435 1540 2478 esse
1585 2435 1707 2477 non
1743 2426 2013 2497 possunt.
2106 2420 2174 2478 A.
2222 2417 2349 2498 Ego
2386 2438 2528 2479 vero

166 2523 468 2584 nusquam
515 2523 649 2566 esse
696 2505 828 2567 illos
875 2514 1040 2585 puto.
1132 2507 1219 2567 M.
1265 2506 1457 2586 lgitur
1493 2524 1568 2567 ne
1608 2523 1740 2566 esse
1780 2503 2064 2585 quidem?
2155 2508 2223 2568 A:
2270 2506 2529 2568 Prorsus

165 2597 284 2655 isto
333 2594 532 2676 modo,
580 2602 640 2655 et
684 2602 885 2655 tamen
932 2596 1183 2656 miseros
1229 2595 1308 2655 ob
1354 2595 1415 2655 id
1461 2596 1659 2673 ipsum
1699 2594 1967 2677 quidem,
2013 2597 2152 2674 quia
2199 2594 2349 2656 nulli
2390 2599 2527 2657 sint.

246 2770 330 2820 10.
403 2770 595 2822 mento,
669 2765 883 2820 Woher
912 2765 1013 2819 der
1032 2764 1173 2820 Vers
1200 2763 1296 2832 ist,

166 2834 310 2890 latet
342 2832 463 2890 sich
496 2835 658 2891 nieht
699 2852 889 2923 sagon.
963 2836 1040 2891 Er
1085 2835 1162 2890 ist
1206 2835 1298 2890 ein

170 2904 478 2975 Trimeter,
513 2906 576 2961 in
610 2906 741 2961 dem
773 2912 977 2976 aquam
1004 2906 1299 2976 dreisilbig

170 2994 240 3032 zu
275 2977 431 3034 lesen
462 2948 568 3045 ist,
606 2995 650 3034 s.
688 2977 1014 3033 Lachmann
1050 2997 1098 3035 z.
1137 2978 1296 3032 Luer.

170 3046 226 3101 H
264 3046 320 3102 S
341 3053 464 3105 379.
537 3047 785 3118 Bitschl,
812 3049 913 3104 der
935 3047 1133 3104 Rhein.
1156 3048 1298 3103 Mus.

171 3118 309 3174 VIII
364 3119 419 3175 S.
481 3124 581 3173 115
639 3119 794 3174 diese
858 3120 1128 3188 Messung
1187 3135 1300 3175 von

168 3195 321 3260 aquia
352 3206 460 3244 nur
496 3190 587 3246 fiir
612 3190 965 3259 daktylisehe
985 3189 1301 3245 Versmal'se

168 3261 365 3332 gelten
411 3259 571 3329 latet,
617 3259 737 3315 will
782 3261 1077 3317 schreiben
1121 3263 1300 3316 me'nto

165 3337 1302 3473 mmmiffifflbbssssfflffffmss

166 3480 272 3530 251
314 3474 565 3529 schreibt
601 3490 828 3529 amnem.

241 3579 518 3651 Sisyphus
577 3586 758 3636 versat
821 3582 927 3636 cet.
1001 3581 1113 3635 Der
1159 3579 1300 3635 Vers

167 3651 248 3707 ist
299 3667 398 3706 aus
433 3651 703 3707 Lucilius'
742 3652 980 3708 Satiren.
1054 3667 1082 3706 s
1116 3651 1176 3706 in
1210 3651 1300 3706 Si-

162 3723 376 3796 syphus
410 3722 554 3778 wird
590 3722 696 3777 wie
732 3723 927 3794 hanfig
974 3721 1037 3777 in
1073 3722 1172 3777 der
1217 3722 1299 3777 al-

165 3796 267 3850 ten
306 3793 504 3849 Poesie
542 3793 780 3849 elidiert.

240 3900 316 3955 L.
340 3899 576 3956 Crassus
600 3918 657 3955 u.
688 3901 776 3956 M.
801 3900 1085 3956 Antonius
1111 3917 1301 3955 waren

165 3972 262 4028 die
329 3970 580 4042 grossten
632 3971 858 4027 Redner
921 3989 1022 4027 vor
1077 3970 1300 4027 Ciceros

165 4043 481 4111 momen,
537 4044 720 4098 denen
770 4042 883 4097 Cio.
931 4042 1163 4099 deshalb
1210 4042 1302 4100 die

164 4114 299 4169 Hau
301 4085 551 4184 ptroll’en
585 4114 647 4169 111
675 4113 801 4168 dem
831 4112 1041 4183 Dialog
1074 4116 1140 4169 de
1174 4129 1301 4168 ora-

164 4191 288 4241 tore
301 4132 584 4240 pzuerteilt
618 4186 737 4241 hat.
811 4186 874 4241 12.
915 4183 1146 4239 Crassus
1188 4200 1303 4237 war

162 4256 385 4313 Konsul
437 4260 507 4311 95
558 4274 611 4310 v.
665 4255 792 4312 Chr.
844 4256 961 4310 und
1011 4256 1163 4311 starb
1215 4261 1301 4311 91.

162 4327 482 4395 Antonius,
521 4324 740 4383 Konsul
767 4333 853 4396 99,
889 4326 1079 4382 wurde
1108 4332 1179 4382 84
1206 4325 1311 4383 auf

1403 2763 1632 2820 Marius’
1675 2764 1877 2819 Befehl
1930 2766 2015 2820 als
2071 2766 2314 2836 Anhang
2317 2782 2377 2821 er
2432 2765 2532 2819 der

1403 2835 1903 2891 aristokratischen
1938 2836 2128 2892 Partei
2164 2784 2398 2905 getsgtet.

1404 2922 1765 3033 teqwonffigt,
1807 2923 1954 3031 ἔπιε
1974 2924 2106 3032 main
2150 2906 2532 3032 dgehherwar-

1467 2993 1618 3033 nso
1846 2994 2142 3033 aaie
2237 2995 2534 3034 acevor

1409 3046 1686 3103 Griechen
1722 2996 2059 3105 x'rerhan'llelt
2093 3049 2251 3104 wird.

1479 3119 1621 3189 Καρ.
1674 3120 1735 3176 6.
1807 3121 2031 3174 minime
2083 3136 2235 3187 vere,
2293 3119 2534 3175 ‘keines-

1408 3192 1605 3261 wegs'.
1636 3190 1858 3246 Ebenso
1876 3206 1971 3261 eqo
1986 3207 2129 3258 uero,
2153 3191 2277 3261 ‘ja'.
2306 3197 2393 3260 49,
2412 3198 2531 3246 119.

1479 3262 1621 3316 male
1654 3278 1885 3328 umas,
1927 3261 2025 3317 ‘da
2061 3264 2217 3331 sagst
2252 3262 2328 3316 du
2357 3263 2533 3318 etwas

1407 3332 1920 3403 Unamgenehmes'.
1996 3333 2191 3389 Dieser
2237 3332 2535 3388 Gebrauch

1410 3403 1510 3458 des
1545 3403 1917 3459 Adverbiums
1954 3420 2029 3458 an
2067 3402 2242 3459 Stelle
2280 3403 2381 3460 des
2417 3404 2533 3459 Ad·

1402 3474 1589 3544 jektiv
1645 3475 1849 3544 gehort·
1908 3474 2070 3529 mehr
2132 3474 2232 3529 der
2286 3474 2536 3543 Sprache

1409 3546 1507 3600 des
1558 3545 1987 3616 gewohnlichen
2033 3545 2252 3601 Lebens
2297 3562 2385 3601 an.
2460 3545 2536 3599 ad

1407 3615 1579 3672 Attio.
1637 3616 1773 3670 XIII
1825 3622 1923 3684 33,
1978 3621 2010 3670 2
2076 3617 2337 3672 Othonem
2390 3618 2538 3687 quod

1405 3702 1598 3756 speras
1632 3703 1794 3755 posse
1826 3688 2005 3754 vinei,
2050 3704 2185 3744 same
2231 3689 2359 3743 bene
2402 3697 2536 3773 ηαν-

1406 3774 1518 3814 ras.
1591 3758 1814 3814 Ebenso
1851 3759 1981 3815 bene
2013 3774 2262 3828 sperare,
2308 3760 2537 3829 bemyne

1398 3830 1671 3899 polliceri.

1484 3906 1566 3955 11.
1601 3902 1758 3970 pleni
1793 3901 1927 3956 libri
1950 3905 2083 3956 swmt
2110 3903 2215 3956 cet.
2289 3901 2404 3956 Der
2431 3901 2535 3955 Be-

1410 3971 1567 4043 griff‚
1613 3973 1857 4028 welcher
1891 3972 1977 4027 als
2006 3972 2245 4028 Genetiv
2282 3988 2392 4027 von
2418 3973 2537 4041 ple-

1409 4059 1521 4099 nus
1572 4042 1873 4129 abhangen
1928 4043 2123 4112 sollte,
2186 4043 2265 4097 ist
2325 4042 2415 4097 in
2440 4044 2539 4098 der

1410 4114 1579 4170 Form
1616 4113 1769 4170 eines
1805 4113 2085 4184 Particips
2122 4132 2190 4168 zu
2218 4115 2539 4185 philosophi

1410 4201 1675 4256 gezogen.

1483 4272 1552 4311 ne
1587 4261 1718 4312 sunt
1751 4256 1967 4326 quidem
2005 4287 2073 4296 —-
2108 4257 2244 4323 ulli,
2280 4272 2343 4311 so
2379 4254 2539 4326 giebt

1412 4343 1474 4383 es
1509 4327 1830 4398 uberhaupt
1865 4326 2029 4383 keine
2066 4325 2392 4384 Unterwelt.
