<?xml version="1.0" encoding="UTF-8"?>
<!DOCTYPE html PUBLIC "-//W3C//DTD XHTML 1.0 Transitional//EN"
    "http://www.w3.org/TR/xhtml1/DTD/xhtml1-transitional.dtd">
<html xmlns="http://www.w3.org/1999/xhtml" xml:lang="en" lang="en">
 <head>
  <title>
</title>
<meta http-equiv="Content-Type" content="text/html;charset=utf-8" />
  <meta name='ocr-system' content='tesseract 3.04.00' />
  <meta name='ocr-capabilities' content='ocr_page ocr_carea ocr_par ocr_line ocrx_word'/>
</head>
<body>
  <div class='ocr_page' id='page_1' title='image "./ciceronistuscul00heingoog_0281.png"; bbox 0 0 2902 4649; ppageno 0'>
   <div class='ocr_carea' id='block_1_1' title="bbox 519 107 2525 216">
    <p class='ocr_par' dir='ltr' id='par_1_1' title="bbox 519 107 2525 216">
     <span class='ocr_line' id='line_1_1' title="bbox 519 107 2525 216; baseline 0.004 -9"><span class='ocrx_word' id='word_1_1' title='bbox 519 149 1120 207; x_wconf 82' lang='lat' dir='ltr'><strong>TUSCULANARUM</strong></span> <span class='ocrx_word' id='word_1_2' title='bbox 1157 148 1764 206; x_wconf 74' lang='lat' dir='ltr'><strong>msPUTATIONUM</strong></span> <span class='ocrx_word' id='word_1_3' title='bbox 1800 148 1867 204; x_wconf 87' lang='lat' dir='ltr'><strong>v.</strong></span> <span class='ocrx_word' id='word_1_4' title='bbox 1907 107 2169 206; x_wconf 49' lang='lat'>944100.</span> <span class='ocrx_word' id='word_1_5' title='bbox 2393 150 2525 216; x_wconf 84' lang='lat'><strong>145</strong></span> 
     </span>
    </p>
   </div>
   <div class='ocr_carea' id='block_1_2' title="bbox 105 311 2625 2613">
    <p class='ocr_par' dir='ltr' id='par_1_2' title="bbox 105 311 2625 2613">
     <span class='ocr_line' id='line_1_2' title="bbox 158 311 2520 397; baseline -0.003 -14"><span class='ocrx_word' id='word_1_6' title='bbox 158 320 377 383; x_wconf 87' lang='lat' dir='ltr'><strong>melius</strong></span> <span class='ocrx_word' id='word_1_7' title='bbox 423 327 692 397; x_wconf 79' lang='lat' dir='ltr'><strong>cenaret,</strong></span> <span class='ocrx_word' id='word_1_8' title='bbox 737 317 1029 379; x_wconf 88' lang='lat' dir='ltr'><strong>obsonare</strong></span> <span class='ocrx_word' id='word_1_9' title='bbox 1076 314 1431 376; x_wconf 89' lang='lat' dir='ltr'><strong>ambulando</strong></span> <span class='ocrx_word' id='word_1_10' title='bbox 1480 316 1711 376; x_wconf 78' lang='lat' dir='ltr'><strong>famem.</strong></span> <span class='ocrx_word' id='word_1_11' title='bbox 1805 311 2004 385; x_wconf 78' lang='lat' dir='ltr'><strong>Quid?</strong></span> <span class='ocrx_word' id='word_1_12' title='bbox 2061 318 2283 377; x_wconf 83' lang='lat' dir='ltr'><strong>victum</strong></span> <span class='ocrx_word' id='word_1_13' title='bbox 2339 314 2520 378; x_wconf 84' lang='lat' dir='ltr'>Lace-</span> 
     </span>
     <span class='ocr_line' id='line_1_3' title="bbox 157 400 2611 486; baseline -0.002 -15"><span class='ocrx_word' id='word_1_14' title='bbox 157 410 612 471; x_wconf 81' lang='lat' dir='ltr'><strong>daemoniorum</strong></span> <span class='ocrx_word' id='word_1_15' title='bbox 657 409 721 467; x_wconf 92' lang='lat' dir='ltr'><strong>in</strong></span> <span class='ocrx_word' id='word_1_16' title='bbox 766 405 1014 486; x_wconf 86' lang='lat' dir='ltr'><strong>philitiis</strong></span> <span class='ocrx_word' id='word_1_17' title='bbox 1053 423 1249 465; x_wconf 90' lang='lat' dir='ltr'><strong>nonne</strong></span> <span class='ocrx_word' id='word_1_18' title='bbox 1288 400 1603 465; x_wconf 74' lang='lat' dir='ltr'><strong>videmus?</strong></span> <span class='ocrx_word' id='word_1_19' title='bbox 1693 401 1806 465; x_wconf 86' lang='lat' dir='ltr'><strong>Ubi</strong></span> <span class='ocrx_word' id='word_1_20' title='bbox 1842 423 1981 466; x_wconf 85' lang='lat' dir='ltr'><strong>cum</strong></span> <span class='ocrx_word' id='word_1_21' title='bbox 2019 411 2306 484; x_wconf 85' lang='lat' dir='ltr'><strong>tyrannus</strong></span> <span class='ocrx_word' id='word_1_22' title='bbox 2345 422 2517 466; x_wconf 91' lang='lat' dir='ltr'><strong>cena-</strong></span> <span class='ocrx_word' id='word_1_23' title='bbox 2539 423 2611 472; x_wconf 82' lang='lat'><strong>98</strong></span> 
     </span>
     <span class='ocr_line' id='line_1_4' title="bbox 159 493 2522 576; baseline -0.003 -16"><span class='ocrx_word' id='word_1_24' title='bbox 159 499 348 560; x_wconf 85' lang='lat' dir='ltr'><strong>visset</strong></span> <span class='ocrx_word' id='word_1_25' title='bbox 401 496 745 576; x_wconf 77' lang='lat' dir='ltr'><strong>DionysiuS,</strong></span> <span class='ocrx_word' id='word_1_26' title='bbox 810 495 1046 573; x_wconf 82' lang='lat' dir='ltr'><strong>negavit</strong></span> <span class='ocrx_word' id='word_1_27' title='bbox 1111 512 1175 556; x_wconf 89' lang='lat' dir='ltr'><strong>se</strong></span> <span class='ocrx_word' id='word_1_28' title='bbox 1239 495 1371 556; x_wconf 86' lang='lat' dir='ltr'><strong>iure</strong></span> <span class='ocrx_word' id='word_1_29' title='bbox 1436 493 1537 554; x_wconf 90' lang='lat' dir='ltr'><strong>illo</strong></span> <span class='ocrx_word' id='word_1_30' title='bbox 1603 495 1801 574; x_wconf 85' lang='lat' dir='ltr'><strong>nigro,</strong></span> <span class='ocrx_word' id='word_1_31' title='bbox 1866 493 2028 573; x_wconf 90' lang='lat' dir='ltr'><strong>quod</strong></span> <span class='ocrx_word' id='word_1_32' title='bbox 2093 510 2275 554; x_wconf 88' lang='lat' dir='ltr'><strong>cenae</strong></span> <span class='ocrx_word' id='word_1_33' title='bbox 2342 501 2522 572; x_wconf 87' lang='lat' dir='ltr'><strong>caput</strong></span> 
     </span>
     <span class='ocr_line' id='line_1_5' title="bbox 159 577 2519 666; baseline -0.003 -18"><span class='ocrx_word' id='word_1_34' title='bbox 159 595 321 666; x_wconf 83' lang='lat' dir='ltr'><strong>erat,</strong></span> <span class='ocrx_word' id='word_1_35' title='bbox 366 584 742 646; x_wconf 89' lang='lat' dir='ltr'><strong>delectatum.</strong></span> <span class='ocrx_word' id='word_1_36' title='bbox 834 582 990 644; x_wconf 89' lang='lat' dir='ltr'><strong>Tum</strong></span> <span class='ocrx_word' id='word_1_37' title='bbox 1034 585 1114 663; x_wconf 90' lang='lat' dir='ltr'><strong>is,</strong></span> <span class='ocrx_word' id='word_1_38' title='bbox 1163 584 1267 661; x_wconf 88' lang='lat' dir='ltr'><strong>qui</strong></span> <span class='ocrx_word' id='word_1_39' title='bbox 1312 580 1411 642; x_wconf 88' lang='lat' dir='ltr'><strong>illa</strong></span> <span class='ocrx_word' id='word_1_40' title='bbox 1459 590 1726 643; x_wconf 82' lang='lat' dir='ltr'>coxerat:</span> <span class='ocrx_word' id='word_1_41' title='bbox 1774 577 2039 643; x_wconf 76' lang='lat' dir='ltr'><strong>‘Minime</strong></span> <span class='ocrx_word' id='word_1_42' title='bbox 2086 584 2332 662; x_wconf 82' lang='lat' dir='ltr'><strong>mirum3</strong></span> <span class='ocrx_word' id='word_1_43' title='bbox 2379 600 2519 642; x_wconf 88' lang='lat' dir='ltr'><strong>con·</strong></span> 
     </span>
     <span class='ocr_line' id='line_1_6' title="bbox 156 665 2521 749; baseline -0.002 -13"><span class='ocrx_word' id='word_1_44' title='bbox 156 675 423 736; x_wconf 89' lang='lat' dir='ltr'><strong>dimenta</strong></span> <span class='ocrx_word' id='word_1_45' title='bbox 469 675 628 734; x_wconf 88' lang='lat' dir='ltr'><strong>enim</strong></span> <span class='ocrx_word' id='word_1_46' title='bbox 676 666 1038 734; x_wconf 68' lang='lat' dir='ltr'><strong>defuerunt?</strong></span> <span class='ocrx_word' id='word_1_47' title='bbox 1133 667 1321 743; x_wconf 76' lang='lat' dir='ltr'><strong>‘Quae</strong></span> <span class='ocrx_word' id='word_1_48' title='bbox 1369 665 1685 732; x_wconf 79' lang='lat' dir='ltr'><strong>tandem?&#39;</strong></span> <span class='ocrx_word' id='word_1_49' title='bbox 1741 672 1937 749; x_wconf 90' lang='lat' dir='ltr'><strong>inquit</strong></span> <span class='ocrx_word' id='word_1_50' title='bbox 1982 670 2101 732; x_wconf 90' lang='lat' dir='ltr'><strong>ille.</strong></span> <span class='ocrx_word' id='word_1_51' title='bbox 2193 666 2412 731; x_wconf 76' lang='lat' dir='ltr'><strong>‘Labor</strong></span> <span class='ocrx_word' id='word_1_52' title='bbox 2457 673 2521 732; x_wconf 91' lang='lat' dir='ltr'><strong>in</strong></span> 
     </span>
     <span class='ocr_line' id='line_1_7' title="bbox 159 758 2522 843; baseline -0.002 -19"><span class='ocrx_word' id='word_1_53' title='bbox 159 771 405 843; x_wconf 86' lang='lat' dir='ltr'><strong>venatu,</strong></span> <span class='ocrx_word' id='word_1_54' title='bbox 452 762 663 841; x_wconf 90' lang='lat' dir='ltr'><strong>sudor,</strong></span> <span class='ocrx_word' id='word_1_55' title='bbox 720 778 936 822; x_wconf 86' lang='lat' dir='ltr'><strong>cursus</strong></span> <span class='ocrx_word' id='word_1_56' title='bbox 991 760 1062 821; x_wconf 91' lang='lat' dir='ltr'><strong>ad</strong></span> <span class='ocrx_word' id='word_1_57' title='bbox 1118 758 1431 841; x_wconf 88' lang='lat' dir='ltr'><strong>Eurotam,</strong></span> <span class='ocrx_word' id='word_1_58' title='bbox 1488 760 1700 839; x_wconf 86' lang='lat' dir='ltr'><strong>fames,</strong></span> <span class='ocrx_word' id='word_1_59' title='bbox 1758 762 1915 840; x_wconf 82' lang='lat' dir='ltr'><strong>sitis3</strong></span> <span class='ocrx_word' id='word_1_60' title='bbox 1972 760 2067 822; x_wconf 87' lang='lat' dir='ltr'><strong>his</strong></span> <span class='ocrx_word' id='word_1_61' title='bbox 2123 761 2284 820; x_wconf 90' lang='lat' dir='ltr'><strong>enim</strong></span> <span class='ocrx_word' id='word_1_62' title='bbox 2337 758 2522 820; x_wconf 88' lang='lat' dir='ltr'><strong>rebus</strong></span> 
     </span>
     <span class='ocr_line' id='line_1_8' title="bbox 158 843 2520 928; baseline -0.001 -16"><span class='ocrx_word' id='word_1_63' title='bbox 158 851 767 913; x_wconf 80' lang='lat' dir='ltr'><strong>Lacedaemoniorum</strong></span> <span class='ocrx_word' id='word_1_64' title='bbox 822 848 1032 928; x_wconf 91' lang='lat' dir='ltr'><strong>epulae</strong></span> <span class='ocrx_word' id='word_1_65' title='bbox 1079 843 1484 910; x_wconf 68' lang='lat' dir='ltr'><strong>condiuntur?</strong></span> <span class='ocrx_word' id='word_1_66' title='bbox 1576 849 1769 928; x_wconf 85' lang='lat' dir='ltr'><strong>Atque</strong></span> <span class='ocrx_word' id='word_1_67' title='bbox 1828 848 1943 909; x_wconf 86' lang='lat' dir='ltr'><strong>hoc</strong></span> <span class='ocrx_word' id='word_1_68' title='bbox 2008 866 2129 909; x_wconf 90' lang='lat' dir='ltr'><strong>non</strong></span> <span class='ocrx_word' id='word_1_69' title='bbox 2194 866 2268 908; x_wconf 88' lang='lat' dir='ltr'><strong>ex</strong></span> <span class='ocrx_word' id='word_1_70' title='bbox 2330 848 2520 909; x_wconf 90' lang='lat' dir='ltr'><strong>homi-</strong></span> 
     </span>
     <span class='ocr_line' id='line_1_9' title="bbox 159 936 2523 1019; baseline -0.002 -17"><span class='ocrx_word' id='word_1_71' title='bbox 159 958 308 1002; x_wconf 89' lang='lat' dir='ltr'><strong>num</strong></span> <span class='ocrx_word' id='word_1_72' title='bbox 354 957 520 1001; x_wconf 90' lang='lat' dir='ltr'><strong>more</strong></span> <span class='ocrx_word' id='word_1_73' title='bbox 568 938 787 1019; x_wconf 89' lang='lat' dir='ltr'><strong>solum,</strong></span> <span class='ocrx_word' id='word_1_74' title='bbox 844 937 947 1000; x_wconf 91' lang='lat' dir='ltr'><strong>sed</strong></span> <span class='ocrx_word' id='word_1_75' title='bbox 995 940 1175 1000; x_wconf 87' lang='lat' dir='ltr'><strong>etiam</strong></span> <span class='ocrx_word' id='word_1_76' title='bbox 1221 956 1294 1000; x_wconf 88' lang='lat' dir='ltr'><strong>ex</strong></span> <span class='ocrx_word' id='word_1_77' title='bbox 1348 936 1560 998; x_wconf 88' lang='lat' dir='ltr'><strong>bestiis</strong></span> <span class='ocrx_word' id='word_1_78' title='bbox 1613 936 1880 1016; x_wconf 80' lang='lat' dir='ltr'><strong>intellegi</strong></span> <span class='ocrx_word' id='word_1_79' title='bbox 1932 945 2160 1017; x_wconf 90' lang='lat' dir='ltr'><strong>potest,</strong></span> <span class='ocrx_word' id='word_1_80' title='bbox 2215 954 2395 1017; x_wconf 90' lang='lat' dir='ltr'><strong>quae,</strong></span> <span class='ocrx_word' id='word_1_81' title='bbox 2453 945 2523 998; x_wconf 91' lang='lat' dir='ltr'><strong>ut</strong></span> 
     </span>
     <span class='ocr_line' id='line_1_10' title="bbox 156 1024 2518 1108; baseline -0.003 -18"><span class='ocrx_word' id='word_1_82' title='bbox 156 1028 448 1108; x_wconf 89' lang='lat' dir='ltr'><strong>quicquid</strong></span> <span class='ocrx_word' id='word_1_83' title='bbox 495 1025 797 1088; x_wconf 87' lang='lat' dir='ltr'><strong>obiectum</strong></span> <span class='ocrx_word' id='word_1_84' title='bbox 841 1034 959 1107; x_wconf 88' lang='lat' dir='ltr'><strong>est,</strong></span> <span class='ocrx_word' id='word_1_85' title='bbox 1016 1026 1174 1106; x_wconf 89' lang='lat' dir='ltr'><strong>quod</strong></span> <span class='ocrx_word' id='word_1_86' title='bbox 1222 1026 1398 1087; x_wconf 88' lang='lat' dir='ltr'><strong>modo</strong></span> <span class='ocrx_word' id='word_1_87' title='bbox 1446 1044 1480 1085; x_wconf 92' lang='lat' dir='ltr'><strong>a</strong></span> <span class='ocrx_word' id='word_1_88' title='bbox 1525 1034 1737 1087; x_wconf 91' lang='lat' dir='ltr'><strong>natura</strong></span> <span class='ocrx_word' id='word_1_89' title='bbox 1792 1044 1913 1086; x_wconf 92' lang='lat' dir='ltr'><strong>non</strong></span> <span class='ocrx_word' id='word_1_90' title='bbox 1970 1028 2049 1087; x_wconf 89' lang='lat' dir='ltr'><strong>sit</strong></span> <span class='ocrx_word' id='word_1_91' title='bbox 2102 1024 2388 1107; x_wconf 90' lang='lat' dir='ltr'><strong>alienum,</strong></span> <span class='ocrx_word' id='word_1_92' title='bbox 2446 1042 2518 1087; x_wconf 91' lang='lat' dir='ltr'><strong>eo</strong></span> 
     </span>
     <span class='ocr_line' id='line_1_11' title="bbox 157 1113 2613 1195; baseline 0.001 -17"><span class='ocrx_word' id='word_1_93' title='bbox 157 1124 478 1178; x_wconf 80' lang='lat' dir='ltr'><strong>contentae</strong></span> <span class='ocrx_word' id='word_1_94' title='bbox 553 1133 673 1176; x_wconf 91' lang='lat' dir='ltr'><strong>non</strong></span> <span class='ocrx_word' id='word_1_95' title='bbox 749 1123 1045 1195; x_wconf 89' lang='lat' dir='ltr'><strong>quaerunt</strong></span> <span class='ocrx_word' id='word_1_96' title='bbox 1117 1113 1388 1195; x_wconf 88' lang='lat' dir='ltr'><strong>amplius.</strong></span> <span class='ocrx_word' id='word_1_97' title='bbox 1488 1113 1768 1178; x_wconf 88' lang='lat' dir='ltr'><strong>Civitates</strong></span> <span class='ocrx_word' id='word_1_98' title='bbox 1843 1114 2131 1194; x_wconf 87' lang='lat' dir='ltr'><strong>quaedam</strong></span> <span class='ocrx_word' id='word_1_99' title='bbox 2206 1116 2516 1175; x_wconf 82' lang='lat' dir='ltr'><strong>universae</strong></span> <span class='ocrx_word' id='word_1_100' title='bbox 2540 1133 2613 1180; x_wconf 79' lang='lat'><strong>99</strong></span> 
     </span>
     <span class='ocr_line' id='line_1_12' title="bbox 160 1202 2518 1284; baseline -0.002 -18"><span class='ocrx_word' id='word_1_101' title='bbox 160 1223 329 1266; x_wconf 92' lang='lat' dir='ltr'><strong>more</strong></span> <span class='ocrx_word' id='word_1_102' title='bbox 378 1205 587 1265; x_wconf 86' lang='lat' dir='ltr'><strong>doctae</strong></span> <span class='ocrx_word' id='word_1_103' title='bbox 641 1205 1005 1284; x_wconf 82' lang='lat' dir='ltr'><strong>parsimonia</strong></span> <span class='ocrx_word' id='word_1_104' title='bbox 1059 1202 1465 1284; x_wconf 90' lang='lat' dir='ltr'><strong>delectantur,</strong></span> <span class='ocrx_word' id='word_1_105' title='bbox 1526 1211 1594 1264; x_wconf 93' lang='lat' dir='ltr'><strong>ut</strong></span> <span class='ocrx_word' id='word_1_106' title='bbox 1656 1202 1729 1264; x_wconf 90' lang='lat' dir='ltr'><strong>de</strong></span> <span class='ocrx_word' id='word_1_107' title='bbox 1796 1202 2278 1264; x_wconf 86' lang='lat' dir='ltr'><strong>Lacedaemoniis</strong></span> <span class='ocrx_word' id='word_1_108' title='bbox 2341 1202 2518 1282; x_wconf 93' lang='lat' dir='ltr'><strong>paulo</strong></span> 
     </span>
     <span class='ocr_line' id='line_1_13' title="bbox 158 1290 2520 1374; baseline -0.001 -20"><span class='ocrx_word' id='word_1_109' title='bbox 158 1302 298 1354; x_wconf 87' lang='lat' dir='ltr'><strong>ante</strong></span> <span class='ocrx_word' id='word_1_110' title='bbox 363 1292 637 1354; x_wconf 80' lang='lat' dir='ltr'><strong>diximus,</strong></span> <span class='ocrx_word' id='word_1_111' title='bbox 726 1291 1048 1353; x_wconf 84' lang='lat' dir='ltr'><strong>Persarum</strong></span> <span class='ocrx_word' id='word_1_112' title='bbox 1113 1309 1146 1351; x_wconf 94' lang='lat' dir='ltr'><strong>a</strong></span> <span class='ocrx_word' id='word_1_113' title='bbox 1209 1290 1605 1370; x_wconf 88' lang='lat' dir='ltr'><strong>Xenophonte</strong></span> <span class='ocrx_word' id='word_1_114' title='bbox 1678 1294 1872 1353; x_wconf 88' lang='lat' dir='ltr'><strong>victus</strong></span> <span class='ocrx_word' id='word_1_115' title='bbox 1946 1294 2292 1374; x_wconf 85' lang='lat' dir='ltr'><strong>exponitur,</strong></span> <span class='ocrx_word' id='word_1_116' title='bbox 2366 1309 2520 1371; x_wconf 92' lang='lat' dir='ltr'><strong>quos</strong></span> 
     </span>
     <span class='ocr_line' id='line_1_14' title="bbox 156 1379 2519 1461; baseline -0.001 -19"><span class='ocrx_word' id='word_1_117' title='bbox 156 1390 337 1460; x_wconf 85' lang='lat' dir='ltr'><strong>negat</strong></span> <span class='ocrx_word' id='word_1_118' title='bbox 392 1381 464 1442; x_wconf 91' lang='lat' dir='ltr'><strong>ad</strong></span> <span class='ocrx_word' id='word_1_119' title='bbox 519 1398 732 1461; x_wconf 90' lang='lat' dir='ltr'><strong>panem</strong></span> <span class='ocrx_word' id='word_1_120' title='bbox 788 1379 1069 1441; x_wconf 89' lang='lat' dir='ltr'><strong>adhibere</strong></span> <span class='ocrx_word' id='word_1_121' title='bbox 1136 1382 1455 1460; x_wconf 87' lang='lat' dir='ltr'><strong>quicquam</strong></span> <span class='ocrx_word' id='word_1_122' title='bbox 1518 1387 1758 1459; x_wconf 86' lang='lat' dir='ltr'><strong>praeter</strong></span> <span class='ocrx_word' id='word_1_123' title='bbox 1821 1383 2208 1442; x_wconf 90' lang='lat' dir='ltr'><strong>nasturcium.</strong></span> <span class='ocrx_word' id='word_1_124' title='bbox 2301 1379 2519 1451; x_wconf 87' lang='lat' dir='ltr'><strong>Quam-</strong></span> 
     </span>
     <span class='ocr_line' id='line_1_15' title="bbox 141 1467 2517 1550; baseline -0.001 -20"><span class='ocrx_word' id='word_1_125' title='bbox 141 1488 340 1550; x_wconf 75' lang='lat' dir='ltr'><strong>‚quam</strong></span> <span class='ocrx_word' id='word_1_126' title='bbox 388 1472 441 1530; x_wconf 90' lang='lat' dir='ltr'><strong>si</strong></span> <span class='ocrx_word' id='word_1_127' title='bbox 486 1469 774 1549; x_wconf 88' lang='lat' dir='ltr'><strong>quaedam</strong></span> <span class='ocrx_word' id='word_1_128' title='bbox 838 1470 1019 1530; x_wconf 85' lang='lat' dir='ltr'><strong>etiam</strong></span> <span class='ocrx_word' id='word_1_129' title='bbox 1082 1471 1355 1529; x_wconf 86' lang='lat' dir='ltr'><strong>suaviora</strong></span> <span class='ocrx_word' id='word_1_130' title='bbox 1418 1477 1632 1530; x_wconf 91' lang='lat' dir='ltr'><strong>natura</strong></span> <span class='ocrx_word' id='word_1_131' title='bbox 1697 1467 2023 1550; x_wconf 85' lang='lat' dir='ltr'><strong>desideret,</strong></span> <span class='ocrx_word' id='word_1_132' title='bbox 2090 1485 2269 1548; x_wconf 89' lang='lat' dir='ltr'><strong>quam</strong></span> <span class='ocrx_word' id='word_1_133' title='bbox 2331 1468 2517 1530; x_wconf 90' lang='lat' dir='ltr'><strong>multa</strong></span> 
     </span>
     <span class='ocr_line' id='line_1_16' title="bbox 155 1556 2519 1637; baseline -0.001 -17"><span class='ocrx_word' id='word_1_134' title='bbox 155 1577 233 1620; x_wconf 85' lang='lat' dir='ltr'><strong>ex</strong></span> <span class='ocrx_word' id='word_1_135' title='bbox 289 1566 453 1619; x_wconf 86' lang='lat' dir='ltr'><strong>terra</strong></span> <span class='ocrx_word' id='word_1_136' title='bbox 512 1556 946 1637; x_wconf 85' lang='lat' dir='ltr'><strong>arboribusque</strong></span> <span class='ocrx_word' id='word_1_137' title='bbox 1007 1560 1334 1637; x_wconf 84' lang='lat' dir='ltr'><strong>gignuntur</strong></span> <span class='ocrx_word' id='word_1_138' title='bbox 1394 1576 1531 1618; x_wconf 90' lang='lat' dir='ltr'><strong>cum</strong></span> <span class='ocrx_word' id='word_1_139' title='bbox 1593 1559 1763 1637; x_wconf 91' lang='lat' dir='ltr'><strong>copia</strong></span> <span class='ocrx_word' id='word_1_140' title='bbox 1823 1556 1980 1618; x_wconf 83' lang='lat' dir='ltr'><strong>facili</strong></span> <span class='ocrx_word' id='word_1_141' title='bbox 2040 1565 2169 1618; x_wconf 90' lang='lat' dir='ltr'><strong>tum</strong></span> <span class='ocrx_word' id='word_1_142' title='bbox 2231 1558 2519 1618; x_wconf 88' lang='lat' dir='ltr'><strong>suavitate</strong></span> 
     </span>
     <span class='ocr_line' id='line_1_17' title="bbox 152 1645 2519 1727; baseline -0 -20"><span class='ocrx_word' id='word_1_143' title='bbox 152 1645 511 1727; x_wconf 87' lang='lat' dir='ltr'><strong>praestanti!</strong></span> <span class='ocrx_word' id='word_1_144' title='bbox 605 1645 768 1706; x_wconf 86' lang='lat' dir='ltr'><strong>Adde</strong></span> <span class='ocrx_word' id='word_1_145' title='bbox 815 1647 1171 1727; x_wconf 86' lang='lat' dir='ltr'><strong>siccitatem,</strong></span> <span class='ocrx_word' id='word_1_146' title='bbox 1227 1664 1379 1725; x_wconf 90' lang='lat' dir='ltr'><strong>quae</strong></span> <span class='ocrx_word' id='word_1_147' title='bbox 1437 1648 1828 1725; x_wconf 89' lang='lat' dir='ltr'><strong>consequitur</strong></span> <span class='ocrx_word' id='word_1_148' title='bbox 1881 1646 2035 1706; x_wconf 91' lang='lat' dir='ltr'><strong>hanc</strong></span> <span class='ocrx_word' id='word_1_149' title='bbox 2092 1647 2519 1706; x_wconf 88' lang='lat' dir='ltr'><strong>continentiam</strong></span> 
     </span>
     <span class='ocr_line' id='line_1_18' title="bbox 105 1733 2518 1815; baseline 0 -20"><span class='ocrx_word' id='word_1_150' title='bbox 105 1775 115 1784; x_wconf 91' lang='lat'>-</span> <span class='ocrx_word' id='word_1_151' title='bbox 154 1737 224 1795; x_wconf 94' lang='lat' dir='ltr'><strong>in</strong></span> <span class='ocrx_word' id='word_1_152' title='bbox 271 1737 459 1815; x_wconf 82' lang='lat' dir='ltr'><strong>victu,</strong></span> <span class='ocrx_word' id='word_1_153' title='bbox 506 1734 655 1795; x_wconf 91' lang='lat' dir='ltr'><strong>adde</strong></span> <span class='ocrx_word' id='word_1_154' title='bbox 700 1736 1105 1813; x_wconf 82' lang='lat' dir='ltr'><strong>integritatem</strong></span> <span class='ocrx_word' id='word_1_155' title='bbox 1153 1733 1534 1815; x_wconf 87' lang='lat' dir='ltr'><strong>valetudinis;</strong></span> <span class='ocrx_word' id='word_1_156' title='bbox 1582 1734 1789 1795; x_wconf 82' lang='lat' dir='ltr'><strong>confer</strong></span> <span class='ocrx_word' id='word_1_157' title='bbox 1835 1734 2146 1815; x_wconf 80' lang='lat' dir='ltr'><strong>sudanteS,</strong></span> <span class='ocrx_word' id='word_1_158' title='bbox 2191 1743 2518 1814; x_wconf 78' lang='lat' dir='ltr'><strong>ructanteS,</strong></span> 
     </span>
     <span class='ocr_line' id='line_1_19' title="bbox 155 1820 2516 1904; baseline -0.001 -21"><span class='ocrx_word' id='word_1_159' title='bbox 155 1823 416 1884; x_wconf 87' lang='lat' dir='ltr'><strong>refertos</strong></span> <span class='ocrx_word' id='word_1_160' title='bbox 462 1822 655 1902; x_wconf 89' lang='lat' dir='ltr'><strong>epulis</strong></span> <span class='ocrx_word' id='word_1_161' title='bbox 701 1830 1002 1901; x_wconf 91' lang='lat' dir='ltr'><strong>tamquam</strong></span> <span class='ocrx_word' id='word_1_162' title='bbox 1048 1825 1279 1903; x_wconf 89' lang='lat' dir='ltr'><strong>opimos</strong></span> <span class='ocrx_word' id='word_1_163' title='bbox 1325 1821 1535 1885; x_wconf 84' lang='lat' dir='ltr'><strong>boves:</strong></span> <span class='ocrx_word' id='word_1_164' title='bbox 1596 1831 1724 1884; x_wconf 91' lang='lat' dir='ltr'><strong>tum</strong></span> <span class='ocrx_word' id='word_1_165' title='bbox 1769 1820 2106 1904; x_wconf 79' lang='lat' dir='ltr'><strong>intellegeS,</strong></span> <span class='ocrx_word' id='word_1_166' title='bbox 2164 1824 2267 1902; x_wconf 93' lang='lat' dir='ltr'><strong>qui</strong></span> <span class='ocrx_word' id='word_1_167' title='bbox 2313 1821 2516 1902; x_wconf 88' lang='lat' dir='ltr'><strong>volup-</strong></span> 
     </span>
     <span class='ocr_line' id='line_1_20' title="bbox 155 1910 2513 1992; baseline -0 -20"><span class='ocrx_word' id='word_1_168' title='bbox 155 1919 342 1972; x_wconf 87' lang='lat' dir='ltr'><strong>tatem</strong></span> <span class='ocrx_word' id='word_1_169' title='bbox 399 1914 650 1972; x_wconf 87' lang='lat' dir='ltr'><strong>maxime</strong></span> <span class='ocrx_word' id='word_1_170' title='bbox 708 1917 1062 1992; x_wconf 90' lang='lat' dir='ltr'><strong>sequantur,</strong></span> <span class='ocrx_word' id='word_1_171' title='bbox 1128 1929 1230 1972; x_wconf 91' lang='lat' dir='ltr'><strong>eos</strong></span> <span class='ocrx_word' id='word_1_172' title='bbox 1287 1912 1533 1972; x_wconf 90' lang='lat' dir='ltr'><strong>minime</strong></span> <span class='ocrx_word' id='word_1_173' title='bbox 1591 1913 1906 1991; x_wconf 90' lang='lat' dir='ltr'><strong>consequi,</strong></span> <span class='ocrx_word' id='word_1_174' title='bbox 1964 1910 2513 1990; x_wconf 86' lang='lat' dir='ltr'><strong>iucunditatemque</strong></span> 
     </span>
     <span class='ocr_line' id='line_1_21' title="bbox 154 1980 2624 2080; baseline 0 -21"><span class='ocrx_word' id='word_1_175' title='bbox 154 2002 352 2060; x_wconf 87' lang='lat' dir='ltr'><strong>victus</strong></span> <span class='ocrx_word' id='word_1_176' title='bbox 417 2017 550 2060; x_wconf 90' lang='lat' dir='ltr'><strong>esse</strong></span> <span class='ocrx_word' id='word_1_177' title='bbox 614 2002 677 2059; x_wconf 91' lang='lat' dir='ltr'><strong>in</strong></span> <span class='ocrx_word' id='word_1_178' title='bbox 747 1999 1070 2080; x_wconf 88' lang='lat' dir='ltr'><strong>desiderio,</strong></span> <span class='ocrx_word' id='word_1_179' title='bbox 1129 2018 1250 2060; x_wconf 93' lang='lat' dir='ltr'><strong>non</strong></span> <span class='ocrx_word' id='word_1_180' title='bbox 1309 2002 1371 2060; x_wconf 92' lang='lat' dir='ltr'><strong>in</strong></span> <span class='ocrx_word' id='word_1_181' title='bbox 1434 2001 1721 2060; x_wconf 86' lang='lat' dir='ltr'><strong>satietate.</strong></span> <span class='ocrx_word' id='word_1_182' title='bbox 1814 1999 2220 2079; x_wconf 88' lang='lat' dir='ltr'><strong>Timotheum,</strong></span> <span class='ocrx_word' id='word_1_183' title='bbox 2287 1998 2512 2060; x_wconf 90' lang='lat' dir='ltr'><strong>clarum</strong></span> <span class='ocrx_word' id='word_1_184' title='bbox 2536 1980 2624 2044; x_wconf 81' lang='lat'><strong>35</strong></span> 
     </span>
     <span class='ocr_line' id='line_1_22' title="bbox 154 2058 2625 2168; baseline 0 -20"><span class='ocrx_word' id='word_1_185' title='bbox 154 2088 462 2148; x_wconf 91' lang='lat' dir='ltr'><strong>hominem</strong></span> <span class='ocrx_word' id='word_1_186' title='bbox 516 2086 764 2148; x_wconf 88' lang='lat' dir='ltr'><strong>Athenis</strong></span> <span class='ocrx_word' id='word_1_187' title='bbox 829 2095 890 2148; x_wconf 93' lang='lat' dir='ltr'><strong>et</strong></span> <span class='ocrx_word' id='word_1_188' title='bbox 949 2090 1285 2167; x_wconf 86' lang='lat' dir='ltr'><strong>principem</strong></span> <span class='ocrx_word' id='word_1_189' title='bbox 1339 2089 1620 2168; x_wconf 80' lang='lat' dir='ltr'><strong>civitatiS,</strong></span> <span class='ocrx_word' id='word_1_190' title='bbox 1685 2088 1915 2168; x_wconf 79' lang='lat' dir='ltr'><strong>ferunt,</strong></span> <span class='ocrx_word' id='word_1_191' title='bbox 1980 2106 2116 2149; x_wconf 91' lang='lat' dir='ltr'><strong>cum</strong></span> <span class='ocrx_word' id='word_1_192' title='bbox 2183 2058 2625 2159; x_wconf 75' lang='lat' dir='ltr'><strong>cenavisset¹⁰⁰</strong></span> 
     </span>
     <span class='ocr_line' id='line_1_23' title="bbox 154 2174 2515 2257; baseline 0 -21"><span class='ocrx_word' id='word_1_193' title='bbox 154 2176 315 2257; x_wconf 91' lang='lat' dir='ltr'><strong>apud</strong></span> <span class='ocrx_word' id='word_1_194' title='bbox 363 2176 667 2236; x_wconf 92' lang='lat' dir='ltr'><strong>Platonem</strong></span> <span class='ocrx_word' id='word_1_195' title='bbox 715 2193 905 2255; x_wconf 92' lang='lat' dir='ltr'><strong>eoque</strong></span> <span class='ocrx_word' id='word_1_196' title='bbox 953 2178 1221 2237; x_wconf 84' lang='lat' dir='ltr'><strong>convivio</strong></span> <span class='ocrx_word' id='word_1_197' title='bbox 1269 2176 1587 2238; x_wconf 91' lang='lat' dir='ltr'><strong>admodum</strong></span> <span class='ocrx_word' id='word_1_198' title='bbox 1643 2174 1972 2237; x_wconf 87' lang='lat' dir='ltr'><strong>delectatus</strong></span> <span class='ocrx_word' id='word_1_199' title='bbox 2031 2183 2190 2237; x_wconf 90' lang='lat' dir='ltr'><strong>esset</strong></span> <span class='ocrx_word' id='word_1_200' title='bbox 2244 2175 2515 2237; x_wconf 84' lang='lat' dir='ltr'><strong>vidisset-</strong></span> 
     </span>
     <span class='ocr_line' id='line_1_24' title="bbox 154 2259 2518 2346; baseline 0 -19"><span class='ocrx_word' id='word_1_201' title='bbox 154 2283 279 2346; x_wconf 86' lang='lat' dir='ltr'><strong>que</strong></span> <span class='ocrx_word' id='word_1_202' title='bbox 326 2282 464 2326; x_wconf 90' lang='lat' dir='ltr'><strong>eum</strong></span> <span class='ocrx_word' id='word_1_203' title='bbox 507 2263 822 2345; x_wconf 86' lang='lat' dir='ltr'><strong>postridie,</strong></span> <span class='ocrx_word' id='word_1_204' title='bbox 870 2264 1119 2327; x_wconf 88' lang='lat' dir='ltr'><strong>dixisse:</strong></span> <span class='ocrx_word' id='word_1_205' title='bbox 1175 2259 1444 2327; x_wconf 71' lang='lat' dir='ltr'><strong>‘Vestrae</strong></span> <span class='ocrx_word' id='word_1_206' title='bbox 1491 2265 1732 2345; x_wconf 91' lang='lat' dir='ltr'><strong>quidem</strong></span> <span class='ocrx_word' id='word_1_207' title='bbox 1787 2283 1969 2326; x_wconf 84' lang='lat' dir='ltr'><strong>cenae</strong></span> <span class='ocrx_word' id='word_1_208' title='bbox 2025 2283 2147 2326; x_wconf 90' lang='lat' dir='ltr'><strong>non</strong></span> <span class='ocrx_word' id='word_1_209' title='bbox 2204 2263 2398 2326; x_wconf 90' lang='lat' dir='ltr'><strong>solum</strong></span> <span class='ocrx_word' id='word_1_210' title='bbox 2454 2267 2518 2327; x_wconf 91' lang='lat' dir='ltr'><strong>in</strong></span> 
     </span>
     <span class='ocr_line' id='line_1_25' title="bbox 152 2349 2516 2434; baseline 0.001 -21"><span class='ocrx_word' id='word_1_211' title='bbox 152 2355 523 2433; x_wconf 86' lang='lat' dir='ltr'><strong>praesentia,</strong></span> <span class='ocrx_word' id='word_1_212' title='bbox 571 2354 678 2414; x_wconf 89' lang='lat' dir='ltr'><strong>sed</strong></span> <span class='ocrx_word' id='word_1_213' title='bbox 725 2355 901 2415; x_wconf 90' lang='lat' dir='ltr'><strong>etiam</strong></span> <span class='ocrx_word' id='word_1_214' title='bbox 948 2361 1192 2433; x_wconf 88' lang='lat' dir='ltr'><strong>postero</strong></span> <span class='ocrx_word' id='word_1_215' title='bbox 1239 2353 1335 2416; x_wconf 92' lang='lat' dir='ltr'><strong>die</strong></span> <span class='ocrx_word' id='word_1_216' title='bbox 1381 2353 1677 2417; x_wconf 84' lang='lat' dir='ltr'><strong>iucundae</strong></span> <span class='ocrx_word' id='word_1_217' title='bbox 1725 2349 1905 2415; x_wconf 68' lang='lat' dir='ltr'><strong>sunt?</strong></span> <span class='ocrx_word' id='word_1_218' title='bbox 2000 2353 2183 2434; x_wconf 86' lang='lat' dir='ltr'><strong>Quid,</strong></span> <span class='ocrx_word' id='word_1_219' title='bbox 2230 2353 2392 2432; x_wconf 87' lang='lat' dir='ltr'><strong>quod</strong></span> <span class='ocrx_word' id='word_1_220' title='bbox 2439 2372 2516 2416; x_wconf 90' lang='lat' dir='ltr'><strong>ne</strong></span> 
     </span>
     <span class='ocr_line' id='line_1_26' title="bbox 154 2438 2518 2524; baseline 0.001 -22"><span class='ocrx_word' id='word_1_221' title='bbox 154 2449 357 2502; x_wconf 89' lang='lat' dir='ltr'><strong>mente</strong></span> <span class='ocrx_word' id='word_1_222' title='bbox 408 2442 649 2522; x_wconf 91' lang='lat' dir='ltr'><strong>quidem</strong></span> <span class='ocrx_word' id='word_1_223' title='bbox 693 2449 859 2503; x_wconf 86' lang='lat' dir='ltr'><strong>recte</strong></span> <span class='ocrx_word' id='word_1_224' title='bbox 904 2444 996 2503; x_wconf 88' lang='lat' dir='ltr'><strong>uti</strong></span> <span class='ocrx_word' id='word_1_225' title='bbox 1039 2461 1360 2521; x_wconf 89' lang='lat' dir='ltr'><strong>possumus</strong></span> <span class='ocrx_word' id='word_1_226' title='bbox 1397 2442 1586 2504; x_wconf 91' lang='lat' dir='ltr'><strong>multo</strong></span> <span class='ocrx_word' id='word_1_227' title='bbox 1633 2441 1767 2503; x_wconf 87' lang='lat' dir='ltr'><strong>cibo</strong></span> <span class='ocrx_word' id='word_1_228' title='bbox 1814 2451 1876 2504; x_wconf 93' lang='lat' dir='ltr'><strong>et</strong></span> <span class='ocrx_word' id='word_1_229' title='bbox 1918 2444 2161 2522; x_wconf 92' lang='lat' dir='ltr'><strong>potione</strong></span> <span class='ocrx_word' id='word_1_230' title='bbox 2209 2438 2518 2524; x_wconf 74' lang='lat' dir='ltr'><strong>conpleti?</strong></span> 
     </span>
     <span class='ocr_line' id='line_1_27' title="bbox 152 2529 2513 2613; baseline 0 -22"><span class='ocrx_word' id='word_1_231' title='bbox 152 2529 267 2592; x_wconf 89' lang='lat' dir='ltr'><strong>Est</strong></span> <span class='ocrx_word' id='word_1_232' title='bbox 309 2529 613 2608; x_wconf 85' lang='lat' dir='ltr'><strong>praeclara</strong></span> <span class='ocrx_word' id='word_1_233' title='bbox 651 2529 904 2610; x_wconf 88' lang='lat' dir='ltr'><strong>epistula</strong></span> <span class='ocrx_word' id='word_1_234' title='bbox 939 2529 1204 2592; x_wconf 89' lang='lat' dir='ltr'><strong>Platonis</strong></span> <span class='ocrx_word' id='word_1_235' title='bbox 1250 2531 1322 2593; x_wconf 92' lang='lat' dir='ltr'><strong>ad</strong></span> <span class='ocrx_word' id='word_1_236' title='bbox 1359 2530 1565 2592; x_wconf 88' lang='lat' dir='ltr'><strong>Dionis</strong></span> <span class='ocrx_word' id='word_1_237' title='bbox 1608 2532 1979 2611; x_wconf 87' lang='lat' dir='ltr'><strong>propinquos</strong></span> <span class='ocrx_word' id='word_1_238' title='bbox 1988 2579 2006 2613; x_wconf 89' lang='lat'><strong>,</strong></span> <span class='ocrx_word' id='word_1_239' title='bbox 2051 2533 2115 2591; x_wconf 91' lang='lat' dir='ltr'><strong>in</strong></span> <span class='ocrx_word' id='word_1_240' title='bbox 2162 2550 2278 2611; x_wconf 89' lang='lat' dir='ltr'><strong>qua</strong></span> <span class='ocrx_word' id='word_1_241' title='bbox 2326 2533 2513 2611; x_wconf 87' lang='lat' dir='ltr'><strong>scrip-</strong></span> 
     </span>
    </p>
   </div>
   <div class='ocr_carea' id='block_1_3' title="bbox 146 2682 1286 4375">
    <p class='ocr_par' dir='ltr' id='par_1_3' title="bbox 150 2682 1278 2822">
     <span class='ocr_line' id='line_1_28' title="bbox 227 2682 1278 2749; baseline 0.002 -12"><span class='ocrx_word' id='word_1_242' title='bbox 227 2683 494 2738; x_wconf 80' lang='lat' dir='ltr'><strong>obsonare</strong></span> <span class='ocrx_word' id='word_1_243' title='bbox 541 2683 681 2738; x_wconf 84' lang='lat' dir='ltr'><strong>amb.</strong></span> <span class='ocrx_word' id='word_1_244' title='bbox 718 2683 944 2749; x_wconf 80' lang='lat' dir='ltr'><strong>famem,</strong></span> <span class='ocrx_word' id='word_1_245' title='bbox 1001 2682 1054 2737; x_wconf 88' lang='lat' dir='ltr'><strong>d.</strong></span> <span class='ocrx_word' id='word_1_246' title='bbox 1100 2683 1138 2737; x_wconf 91' lang='lat' dir='ltr'><strong>i.</strong></span> <span class='ocrx_word' id='word_1_247' title='bbox 1186 2684 1278 2739; x_wconf 87' lang='lat' dir='ltr'><strong>ob-</strong></span> 
     </span>
     <span class='ocr_line' id='line_1_29' title="bbox 150 2754 1086 2822; baseline -0.003 -12"><span class='ocrx_word' id='word_1_248' title='bbox 150 2754 306 2810; x_wconf 70' lang='lat' dir='ltr'><strong>aonii</strong></span> <span class='ocrx_word' id='word_1_249' title='bbox 342 2755 456 2809; x_wconf 79' lang='lat' dir='ltr'><strong>loco</strong></span> <span class='ocrx_word' id='word_1_250' title='bbox 492 2754 689 2819; x_wconf 79' lang='lat' dir='ltr'><strong>famem</strong></span> <span class='ocrx_word' id='word_1_251' title='bbox 724 2754 833 2808; x_wconf 81' lang='lat' dir='ltr'><strong>sibi</strong></span> <span class='ocrx_word' id='word_1_252' title='bbox 857 2770 1086 2822; x_wconf 78' lang='lat' dir='ltr'><strong>parare.</strong></span> 
     </span>
    </p>

    <p class='ocr_par' dir='ltr' id='par_1_4' title="bbox 151 2823 1286 3304">
     <span class='ocr_line' id='line_1_30' title="bbox 230 2823 1282 2894; baseline 0.002 -16"><span class='ocrx_word' id='word_1_253' title='bbox 230 2828 317 2879; x_wconf 84' lang='grc'><strong>98.</strong></span> <span class='ocrx_word' id='word_1_254' title='bbox 347 2826 609 2894; x_wconf 76' lang='lat' dir='ltr'><strong>philitiis.</strong></span> <span class='ocrx_word' id='word_1_255' title='bbox 685 2823 871 2879; x_wconf 83' lang='lat' dir='ltr'><strong>Schon</strong></span> <span class='ocrx_word' id='word_1_256' title='bbox 897 2823 978 2878; x_wconf 87' lang='lat' dir='ltr'><strong>im</strong></span> <span class='ocrx_word' id='word_1_257' title='bbox 996 2823 1282 2880; x_wconf 74' lang='lat' dir='ltr'><strong>Altertum</strong></span> 
     </span>
     <span class='ocr_line' id='line_1_31' title="bbox 152 2893 1284 2964; baseline 0.001 -15"><span class='ocrx_word' id='word_1_258' title='bbox 152 2895 455 2951; x_wconf 72' lang='lat' dir='ltr'><strong>schwankt</strong></span> <span class='ocrx_word' id='word_1_259' title='bbox 478 2895 567 2950; x_wconf 87' lang='lat' dir='ltr'><strong>die</strong></span> <span class='ocrx_word' id='word_1_260' title='bbox 586 2893 980 2964; x_wconf 83' lang='lat' dir='ltr'><strong>Bezeichnung</strong></span> <span class='ocrx_word' id='word_1_261' title='bbox 1006 2895 1284 2950; x_wconf 80' lang='lat' dir='ltr'><strong>zwischen</strong></span> 
     </span>
     <span class='ocr_line' id='line_1_32' title="bbox 153 2965 1284 3036; baseline -0.001 -15"><span class='ocrx_word' id='word_1_262' title='bbox 153 2966 379 3036; x_wconf 78' lang='grc' dir='ltr'><strong><em>φιλίτια</em></strong></span> <span class='ocrx_word' id='word_1_263' title='bbox 429 2966 542 3023; x_wconf 87' lang='lat' dir='ltr'><strong>und</strong></span> <span class='ocrx_word' id='word_1_264' title='bbox 597 2967 850 3034; x_wconf 79' lang='grc' dir='ltr'><strong><em>φιδίτια,</em></strong></span> <span class='ocrx_word' id='word_1_265' title='bbox 905 2965 1096 3020; x_wconf 87' lang='lat' dir='ltr'><strong>indem</strong></span> <span class='ocrx_word' id='word_1_266' title='bbox 1149 2983 1284 3020; x_wconf 83' lang='lat' dir='ltr'><strong>man</strong></span> 
     </span>
     <span class='ocr_line' id='line_1_33' title="bbox 151 3036 1281 3104; baseline -0.001 -12"><span class='ocrx_word' id='word_1_267' title='bbox 151 3037 261 3092; x_wconf 74' lang='lat' dir='ltr'><strong>das</strong></span> <span class='ocrx_word' id='word_1_268' title='bbox 328 3036 494 3090; x_wconf 78' lang='lat' dir='ltr'><strong>Wort</strong></span> <span class='ocrx_word' id='word_1_269' title='bbox 554 3037 836 3092; x_wconf 78' lang='lat' dir='ltr'><strong>entweder</strong></span> <span class='ocrx_word' id='word_1_270' title='bbox 897 3053 1010 3092; x_wconf 85' lang='lat' dir='ltr'><strong>von</strong></span> <span class='ocrx_word' id='word_1_271' title='bbox 1074 3041 1281 3104; x_wconf 71' lang='grc' dir='ltr'><em>φιλεῖν,</em></span> 
     </span>
     <span class='ocr_line' id='line_1_34' title="bbox 153 3105 1286 3176; baseline 0 -14"><span class='ocrx_word' id='word_1_272' title='bbox 153 3106 720 3162; x_wconf 69' lang='lat' dir='ltr'><strong>‘steundschaftliche</strong></span> <span class='ocrx_word' id='word_1_273' title='bbox 738 3105 1120 3176; x_wconf 74' lang='lat' dir='ltr'><strong>Mahlzeiten&#39;‚</strong></span> <span class='ocrx_word' id='word_1_274' title='bbox 1149 3107 1286 3162; x_wconf 85' lang='lat' dir='ltr'><strong>oder</strong></span> 
     </span>
     <span class='ocr_line' id='line_1_35' title="bbox 152 3178 1281 3304; baseline 0.003 -73"><span class='ocrx_word' id='word_1_275' title='bbox 152 3195 279 3304; x_wconf 54' lang='grc' dir='ltr'><strong>ἔζη,</strong></span> <span class='ocrx_word' id='word_1_276' title='bbox 308 3179 639 3304; x_wconf 54' lang='grc' dir='ltr'><strong>φέίδῖρῖιθιέθ</strong></span> <span class='ocrx_word' id='word_1_277' title='bbox 670 3178 977 3247; x_wconf 76' lang='lat' dir='ltr'><strong>‘sparsame</strong></span> <span class='ocrx_word' id='word_1_278' title='bbox 1015 3178 1281 3234; x_wconf 81' lang='lat' dir='ltr'><strong>Mahlzei-</strong></span> 
     </span>
    </p>

    <p class='ocr_par' dir='ltr' id='par_1_5' title="bbox 217 3263 658 3316">
     <span class='ocr_line' id='line_1_36' title="bbox 217 3263 658 3316; baseline -0.002 -13"><span class='ocrx_word' id='word_1_279' title='bbox 217 3267 253 3303; x_wconf 89' lang='lat' dir='ltr'><strong>n</strong></span> <span class='ocrx_word' id='word_1_280' title='bbox 285 3291 303 3316; x_wconf 91' lang='lat'>‚</span> <span class='ocrx_word' id='word_1_281' title='bbox 382 3263 444 3303; x_wconf 85' lang='lat' dir='ltr'><strong>er</strong></span> <span class='ocrx_word' id='word_1_282' title='bbox 467 3264 519 3303; x_wconf 79' lang='lat' dir='ltr'><strong>ei</strong></span> <span class='ocrx_word' id='word_1_283' title='bbox 643 3290 658 3302; x_wconf 83' lang='lat'>.</span> 
     </span>
    </p>

    <p class='ocr_par' dir='ltr' id='par_1_6' title="bbox 151 3319 1280 3814">
     <span class='ocr_line' id='line_1_37' title="bbox 227 3319 1280 3391; baseline 0 -17"><span class='ocrx_word' id='word_1_284' title='bbox 227 3319 557 3391; x_wconf 74' lang='lat' dir='ltr'><strong>Dionysius.</strong></span> <span class='ocrx_word' id='word_1_285' title='bbox 645 3319 807 3375; x_wconf 81' lang='lat' dir='ltr'><strong>Nach</strong></span> <span class='ocrx_word' id='word_1_286' title='bbox 862 3320 962 3375; x_wconf 86' lang='lat' dir='ltr'><strong>der</strong></span> <span class='ocrx_word' id='word_1_287' title='bbox 1017 3319 1280 3388; x_wconf 75' lang='lat' dir='ltr'><strong>gewohn·</strong></span> 
     </span>
     <span class='ocr_line' id='line_1_38' title="bbox 153 3388 1277 3461; baseline 0.001 -16"><span class='ocrx_word' id='word_1_288' title='bbox 153 3389 349 3445; x_wconf 84' lang='lat' dir='ltr'><strong>lichen</strong></span> <span class='ocrx_word' id='word_1_289' title='bbox 402 3388 726 3461; x_wconf 66' lang='lat' dir='ltr'><strong>Erzahlung</strong></span> <span class='ocrx_word' id='word_1_290' title='bbox 780 3392 844 3459; x_wconf 77' lang='lat' dir='ltr'><strong>(e.</strong></span> <span class='ocrx_word' id='word_1_291' title='bbox 903 3390 1057 3445; x_wconf 80' lang='lat' dir='ltr'><strong>Stob.</strong></span> <span class='ocrx_word' id='word_1_292' title='bbox 1116 3406 1277 3446; x_wconf 83' lang='lat' dir='ltr'><strong>serm.</strong></span> 
     </span>
     <span class='ocr_line' id='line_1_39' title="bbox 154 3460 1279 3531; baseline 0.001 -15"><span class='ocrx_word' id='word_1_293' title='bbox 154 3467 252 3531; x_wconf 79' lang='lat'><strong>29,</strong></span> <span class='ocrx_word' id='word_1_294' title='bbox 297 3460 420 3529; x_wconf 89' lang='lat'>100)</span> <span class='ocrx_word' id='word_1_295' title='bbox 458 3461 619 3516; x_wconf 77' lang='lat' dir='ltr'><strong>hatte</strong></span> <span class='ocrx_word' id='word_1_296' title='bbox 658 3477 719 3515; x_wconf 87' lang='lat' dir='ltr'><strong>er</strong></span> <span class='ocrx_word' id='word_1_297' title='bbox 755 3460 876 3515; x_wconf 81' lang='lat' dir='ltr'><strong>sich</strong></span> <span class='ocrx_word' id='word_1_298' title='bbox 913 3460 1079 3515; x_wconf 87' lang='lat' dir='ltr'><strong>einen</strong></span> <span class='ocrx_word' id='word_1_299' title='bbox 1105 3460 1279 3517; x_wconf 86' lang='lat' dir='ltr'><strong>Lace-</strong></span> 
     </span>
     <span class='ocr_line' id='line_1_40' title="bbox 153 3530 1279 3587; baseline -0.001 0"><span class='ocrx_word' id='word_1_300' title='bbox 153 3530 559 3587; x_wconf 67' lang='lat' dir='ltr'><strong>damonischen</strong></span> <span class='ocrx_word' id='word_1_301' title='bbox 578 3531 736 3587; x_wconf 87' lang='lat' dir='ltr'><strong>Koch</strong></span> <span class='ocrx_word' id='word_1_302' title='bbox 796 3530 991 3586; x_wconf 78' lang='lat' dir='ltr'><strong>ekauft</strong></span> <span class='ocrx_word' id='word_1_303' title='bbox 1012 3530 1128 3585; x_wconf 87' lang='lat' dir='ltr'><strong>und</strong></span> <span class='ocrx_word' id='word_1_304' title='bbox 1154 3530 1279 3587; x_wconf 81' lang='lat' dir='ltr'><strong>liefs</strong></span> 
     </span>
     <span class='ocr_line' id='line_1_41' title="bbox 152 3601 1280 3688; baseline 0.001 -31"><span class='ocrx_word' id='word_1_305' title='bbox 152 3603 277 3658; x_wconf 79' lang='lat' dir='ltr'><strong>sicli</strong></span> <span class='ocrx_word' id='word_1_306' title='bbox 325 3619 440 3657; x_wconf 79' lang='lat' dir='ltr'><strong>von</strong></span> <span class='ocrx_word' id='word_1_307' title='bbox 483 3603 695 3657; x_wconf 82' lang='lat' dir='ltr'><strong>diesem</strong></span> <span class='ocrx_word' id='word_1_308' title='bbox 794 3601 841 3656; x_wconf 85' lang='lat' dir='ltr'><strong>&#39;e</strong></span> <span class='ocrx_word' id='word_1_309' title='bbox 892 3602 1280 3688; x_wconf 77' lang='lat' dir='ltr'><strong>spartanische</strong></span> 
     </span>
     <span class='ocr_line' id='line_1_42' title="bbox 154 3673 1279 3744; baseline -0.002 -16"><span class='ocrx_word' id='word_1_310' title='bbox 154 3673 352 3744; x_wconf 83' lang='lat' dir='ltr'><strong>Suppe</strong></span> <span class='ocrx_word' id='word_1_311' title='bbox 390 3674 499 3742; x_wconf 79' lang='lat' dir='ltr'><strong>(ius</strong></span> <span class='ocrx_word' id='word_1_312' title='bbox 524 3674 775 3743; x_wconf 59' lang='lat' dir='ltr'><strong>myrum,</strong></span> <span class='ocrx_word' id='word_1_313' title='bbox 812 3675 993 3742; x_wconf 78' lang='grc' dir='ltr'><strong><em>ζωμος</em></strong></span> <span class='ocrx_word' id='word_1_314' title='bbox 1020 3677 1279 3727; x_wconf 77' lang='grc' dir='ltr'><strong><em>Λακωνι-</em></strong></span> 
     </span>
     <span class='ocr_line' id='line_1_43' title="bbox 151 3739 1278 3814; baseline 0 -15"><span class='ocrx_word' id='word_1_315' title='bbox 151 3739 257 3807; x_wconf 74' lang='grc' dir='ltr'><strong>κός</strong></span> <span class='ocrx_word' id='word_1_316' title='bbox 284 3743 424 3799; x_wconf 82' lang='lat' dir='ltr'><strong>oder</strong></span> <span class='ocrx_word' id='word_1_317' title='bbox 449 3743 642 3814; x_wconf 77' lang='grc' dir='ltr'><strong>μέλας)</strong></span> <span class='ocrx_word' id='word_1_318' title='bbox 671 3743 732 3798; x_wconf 86' lang='lat' dir='ltr'><strong>in</strong></span> <span class='ocrx_word' id='word_1_319' title='bbox 760 3743 1007 3813; x_wconf 71' lang='lat' dir='ltr'><strong>Syl-altus</strong></span> <span class='ocrx_word' id='word_1_320' title='bbox 1040 3743 1278 3799; x_wconf 85' lang='lat' dir='ltr'><strong>kochen.</strong></span> 
     </span>
    </p>

    <p class='ocr_par' dir='ltr' id='par_1_7' title="bbox 146 3812 1281 4095">
     <span class='ocr_line' id='line_1_44' title="bbox 220 3812 1281 3941; baseline 0.001 -72"><span class='ocrx_word' id='word_1_321' title='bbox 220 3820 428 3939; x_wconf 35' lang='lat' dir='ltr'><strong>‘zapusp</strong></span> <span class='ocrx_word' id='word_1_322' title='bbox 474 3815 603 3940; x_wconf 55' lang='lat' dir='ltr'><strong>gei-l</strong></span> <span class='ocrx_word' id='word_1_323' title='bbox 617 3815 912 3939; x_wconf 76' lang='lat' dir='ltr'><strong>HauptteiIl</strong></span> <span class='ocrx_word' id='word_1_324' title='bbox 926 3814 1070 3941; x_wconf 39' lang='lat'><strong>7⁴15}</strong></span> <span class='ocrx_word' id='word_1_325' title='bbox 1094 3812 1281 3940; x_wconf 51' lang='lat' dir='ltr'><strong>Mam}</strong></span> 
     </span>
     <span class='ocr_line' id='line_1_45' title="bbox 146 3901 1280 4027; baseline 0.003 -17"><span class='ocrx_word' id='word_1_326' title='bbox 146 3901 488 4024; x_wconf 50' lang='lat' dir='ltr'><strong>sstr&#39;iffossii</strong></span> <span class='ocrx_word' id='word_1_327' title='bbox 515 3902 920 4025; x_wconf 42' lang='lat' dir='ltr'><strong>Zuffigziffr&#39;de</strong></span> <span class='ocrx_word' id='word_1_328' title='bbox 960 3926 1054 4011; x_wconf 71' lang='lat'><strong>⁹01.</strong></span> <span class='ocrx_word' id='word_1_329' title='bbox 1111 3903 1280 4027; x_wconf 53' lang='grc' dir='ltr'><strong>ῗαῖἷ,</strong></span> 
     </span>
     <span class='ocr_line' id='line_1_46' title="bbox 158 4028 1023 4095; baseline 0.002 -16"><span class='ocrx_word' id='word_1_330' title='bbox 158 4029 262 4080; x_wconf 76' lang='lat'><strong>132</strong></span> <span class='ocrx_word' id='word_1_331' title='bbox 301 4032 472 4095; x_wconf 81' lang='lat' dir='ltr'><strong>caput</strong></span> <span class='ocrx_word' id='word_1_332' title='bbox 507 4043 615 4082; x_wconf 81' lang='lat' dir='ltr'><strong>esse</strong></span> <span class='ocrx_word' id='word_1_333' title='bbox 651 4028 791 4082; x_wconf 80' lang='lat' dir='ltr'><strong>artis</strong></span> <span class='ocrx_word' id='word_1_334' title='bbox 827 4028 1023 4082; x_wconf 79' lang='lat' dir='ltr'><strong>decere.</strong></span> 
     </span>
    </p>

    <p class='ocr_par' dir='ltr' id='par_1_8' title="bbox 154 4097 1281 4375">
     <span class='ocr_line' id='line_1_47' title="bbox 226 4097 1281 4166; baseline 0.003 -16"><span class='ocrx_word' id='word_1_335' title='bbox 226 4097 356 4150; x_wconf 78' lang='lat' dir='ltr'><strong>hoe:</strong></span> <span class='ocrx_word' id='word_1_336' title='bbox 389 4097 657 4166; x_wconf 64' lang='lat' dir='ltr'><strong>namlich‚</strong></span> <span class='ocrx_word' id='word_1_337' title='bbox 701 4097 821 4154; x_wconf 78' lang='lat' dir='ltr'><strong>dass</strong></span> <span class='ocrx_word' id='word_1_338' title='bbox 850 4097 940 4153; x_wconf 88' lang='lat' dir='ltr'><strong>die</strong></span> <span class='ocrx_word' id='word_1_339' title='bbox 968 4098 1150 4153; x_wconf 78' lang='lat' dir='ltr'><strong>Natur</strong></span> <span class='ocrx_word' id='word_1_340' title='bbox 1176 4116 1281 4153; x_wconf 84' lang='lat' dir='ltr'><strong>nur</strong></span> 
     </span>
     <span class='ocr_line' id='line_1_48' title="bbox 154 4166 1280 4241; baseline 0.004 -22"><span class='ocrx_word' id='word_1_341' title='bbox 154 4167 306 4220; x_wconf 79' lang='lat' dir='ltr'><strong>nach</strong></span> <span class='ocrx_word' id='word_1_342' title='bbox 323 4166 728 4238; x_wconf 81' lang='lat' dir='ltr'><strong>Befriedigung</strong></span> <span class='ocrx_word' id='word_1_343' title='bbox 755 4169 854 4224; x_wconf 73' lang='lat' dir='ltr'><strong>des</strong></span> <span class='ocrx_word' id='word_1_344' title='bbox 872 4167 1280 4241; x_wconf 75' lang='lat' dir='ltr'><strong>Bediirfnisses,</strong></span> 
     </span>
     <span class='ocr_line' id='line_1_49' title="bbox 155 4235 1280 4311; baseline 0.005 -23"><span class='ocrx_word' id='word_1_345' title='bbox 155 4235 318 4291; x_wconf 72' lang='lat' dir='ltr'><strong>nicht</strong></span> <span class='ocrx_word' id='word_1_346' title='bbox 371 4240 517 4293; x_wconf 80' lang='lat' dir='ltr'><strong>nach</strong></span> <span class='ocrx_word' id='word_1_347' title='bbox 571 4239 748 4295; x_wconf 81' lang='lat' dir='ltr'><strong>Glanz</strong></span> <span class='ocrx_word' id='word_1_348' title='bbox 791 4239 907 4294; x_wconf 87' lang='lat' dir='ltr'><strong>und</strong></span> <span class='ocrx_word' id='word_1_349' title='bbox 944 4239 1280 4311; x_wconf 77' lang='lat' dir='ltr'><strong>Mannigfal-</strong></span> 
     </span>
     <span class='ocr_line' id='line_1_50' title="bbox 154 4306 600 4375; baseline 0.013 -16"><span class='ocrx_word' id='word_1_350' title='bbox 154 4306 371 4375; x_wconf 76' lang='lat' dir='ltr'><strong>tigkeit</strong></span> <span class='ocrx_word' id='word_1_351' title='bbox 405 4310 600 4365; x_wconf 72' lang='lat' dir='ltr'><strong>strebt.</strong></span> 
     </span>
    </p>
   </div>
   <div class='ocr_carea' id='block_1_4' title="bbox 266 4405 1030 4459">
    <p class='ocr_par' dir='ltr' id='par_1_9' title="bbox 266 4405 1030 4459">
     <span class='ocr_line' id='line_1_51' title="bbox 266 4405 1030 4459; baseline 0.009 -14"><span class='ocrx_word' id='word_1_352' title='bbox 266 4405 450 4459; x_wconf 70' lang='lat' dir='ltr'><strong>Ham,</strong></span> <span class='ocrx_word' id='word_1_353' title='bbox 484 4407 577 4449; x_wconf 81' lang='lat' dir='ltr'><strong>Cic.</strong></span> <span class='ocrx_word' id='word_1_354' title='bbox 598 4410 780 4451; x_wconf 77' lang='lat' dir='ltr'><strong>Tuscul.</strong></span> <span class='ocrx_word' id='word_1_355' title='bbox 835 4411 875 4450; x_wconf 82' lang='lat'><strong>2.</strong></span> <span class='ocrx_word' id='word_1_356' title='bbox 902 4410 1030 4454; x_wconf 66' lang='lat' dir='ltr'><strong>Hert.</strong></span> 
     </span>
    </p>
   </div>
   <div class='ocr_carea' id='block_1_5' title="bbox 1385 2683 2516 4385">
    <p class='ocr_par' dir='ltr' id='par_1_10' title="bbox 1459 2683 2404 2753">
     <span class='ocr_line' id='line_1_52' title="bbox 1459 2683 2404 2753; baseline 0.002 -16"><span class='ocrx_word' id='word_1_357' title='bbox 1459 2687 1522 2737; x_wconf 72' lang='lat' dir='ltr'><strong>ut</strong></span> <span class='ocrx_word' id='word_1_358' title='bbox 1556 2683 1857 2753; x_wconf 74' lang='lat' dir='ltr'><strong>quidquid,</strong></span> <span class='ocrx_word' id='word_1_359' title='bbox 1903 2701 1943 2738; x_wconf 83' lang='lat' dir='ltr'><strong>s.</strong></span> <span class='ocrx_word' id='word_1_360' title='bbox 1984 2702 2027 2738; x_wconf 87' lang='lat' dir='ltr'><strong>z.</strong></span> <span class='ocrx_word' id='word_1_361' title='bbox 2065 2683 2145 2738; x_wconf 91' lang='lat' dir='ltr'><strong>IV</strong></span> <span class='ocrx_word' id='word_1_362' title='bbox 2185 2689 2279 2752; x_wconf 85' lang='lat'><strong>19,</strong></span> <span class='ocrx_word' id='word_1_363' title='bbox 2319 2689 2404 2740; x_wconf 82' lang='lat'><strong>44.</strong></span> 
     </span>
    </p>

    <p class='ocr_par' dir='ltr' id='par_1_11' title="bbox 1388 2754 2516 2966">
     <span class='ocr_line' id='line_1_53' title="bbox 1461 2754 2511 2844; baseline 0.003 -36"><span class='ocrx_word' id='word_1_364' title='bbox 1461 2759 1546 2808; x_wconf 74' lang='lat'><strong>99.</strong></span> <span class='ocrx_word' id='word_1_365' title='bbox 1586 2771 1622 2808; x_wconf 81' lang='lat' dir='ltr'><strong>a</strong></span> <span class='ocrx_word' id='word_1_366' title='bbox 1662 2754 2050 2823; x_wconf 73' lang='lat' dir='ltr'><strong>Xenophonte:</strong></span> <span class='ocrx_word' id='word_1_367' title='bbox 2091 2754 2294 2824; x_wconf 80' lang='lat' dir='ltr'><strong>Cyrop.</strong></span> <span class='ocrx_word' id='word_1_368' title='bbox 2331 2755 2359 2808; x_wconf 95' lang='lat' dir='ltr'>I</span> <span class='ocrx_word' id='word_1_369' title='bbox 2395 2761 2451 2844; x_wconf 65' lang='lat'><strong>2,</strong></span> <span class='ocrx_word' id='word_1_370' title='bbox 2477 2761 2511 2811; x_wconf 88' lang='grc'>8</span> 
     </span>
     <span class='ocr_line' id='line_1_54' title="bbox 1390 2821 2516 2897; baseline 0.003 -19"><span class='ocrx_word' id='word_1_371' title='bbox 1390 2821 1667 2894; x_wconf 73' lang='grc' dir='ltr'><strong><em>φέρονται,</em></strong></span> <span class='ocrx_word' id='word_1_372' title='bbox 1702 2822 1768 2880; x_wconf 70' lang='grc' dir='ltr'><strong>δὲ</strong></span> <span class='ocrx_word' id='word_1_373' title='bbox 1808 2827 2046 2881; x_wconf 72' lang='grc' dir='ltr'><strong><em>οἴκοθεν</em></strong></span> <span class='ocrx_word' id='word_1_374' title='bbox 2084 2832 2240 2880; x_wconf 76' lang='grc' dir='ltr'><strong><em>σῖτον</em></strong></span> <span class='ocrx_word' id='word_1_375' title='bbox 2277 2823 2383 2897; x_wconf 68' lang='grc' dir='ltr'><strong>μὲν</strong></span> <span class='ocrx_word' id='word_1_376' title='bbox 2412 2847 2516 2897; x_wconf 83' lang='grc' dir='ltr'><strong>αρ-</strong></span> 
     </span>
     <span class='ocr_line' id='line_1_55' title="bbox 1388 2890 2163 2966; baseline 0.004 -18"><span class='ocrx_word' id='word_1_377' title='bbox 1388 2913 1512 2963; x_wconf 68' lang='lat' dir='ltr'><strong>tou,</strong></span> <span class='ocrx_word' id='word_1_378' title='bbox 1556 2890 1707 2963; x_wconf 73' lang='grc' dir='ltr'><strong><em>ὄψον</em></strong></span> <span class='ocrx_word' id='word_1_379' title='bbox 1745 2893 1811 2950; x_wconf 73' lang='grc' dir='ltr'><strong>δὲ</strong></span> <span class='ocrx_word' id='word_1_380' title='bbox 1850 2892 2163 2966; x_wconf 74' lang='grc' dir='ltr'><strong><em>κάρδαμον.</em></strong></span> 
     </span>
    </p>

    <p class='ocr_par' dir='ltr' id='par_1_12' title="bbox 1389 2966 2515 3106">
     <span class='ocr_line' id='line_1_56' title="bbox 1429 2966 2515 3050; baseline 0.005 -30"><span class='ocrx_word' id='word_1_381' title='bbox 1429 2972 1437 2977; x_wconf 84' lang='grc'><em>“</em></span> <span class='ocrx_word' id='word_1_382' title='bbox 1462 2967 1625 3035; x_wconf 79' lang='lat' dir='ltr'><strong>copia</strong></span> <span class='ocrx_word' id='word_1_383' title='bbox 1658 2966 1845 3050; x_wconf 66' lang='lat' dir='ltr'><strong>facili,</strong></span> <span class='ocrx_word' id='word_1_384' title='bbox 1883 2984 1926 3022; x_wconf 85' lang='lat' dir='ltr'><strong>s.</strong></span> <span class='ocrx_word' id='word_1_385' title='bbox 1957 2973 1988 3033; x_wconf 68' lang='grc' dir='ltr'><strong>ς</strong></span> <span class='ocrx_word' id='word_1_386' title='bbox 2017 2973 2087 3021; x_wconf 84' lang='grc'><strong>94</strong></span> <span class='ocrx_word' id='word_1_387' title='bbox 2119 2976 2394 3037; x_wconf 76' lang='lat' dir='ltr'><strong>quaerunt</strong></span> <span class='ocrx_word' id='word_1_388' title='bbox 2430 2974 2515 3024; x_wconf 85' lang='lat' dir='ltr'><strong>ta-</strong></span> 
     </span>
     <span class='ocr_line' id='line_1_57' title="bbox 1389 3052 1778 3106; baseline -0.003 -15"><span class='ocrx_word' id='word_1_389' title='bbox 1389 3053 1513 3091; x_wconf 78' lang='lat' dir='ltr'><strong>men</strong></span> <span class='ocrx_word' id='word_1_390' title='bbox 1549 3052 1778 3106; x_wconf 66' lang='lat' dir='ltr'><strong>coptam.</strong></span> 
     </span>
    </p>

    <p class='ocr_par' dir='ltr' id='par_1_13' title="bbox 1386 3108 2515 3529">
     <span class='ocr_line' id='line_1_58' title="bbox 1462 3108 2513 3179; baseline 0.003 -16"><span class='ocrx_word' id='word_1_391' title='bbox 1462 3108 1788 3163; x_wconf 80' lang='lat' dir='ltr'><strong>siccitatem.-</strong></span> <span class='ocrx_word' id='word_1_392' title='bbox 1832 3109 1948 3179; x_wconf 79' lang='lat' dir='ltr'><strong>vgl.</strong></span> <span class='ocrx_word' id='word_1_393' title='bbox 1987 3108 2166 3164; x_wconf 82' lang='lat' dir='ltr'><strong>Varro</strong></span> <span class='ocrx_word' id='word_1_394' title='bbox 2206 3110 2256 3166; x_wconf 89' lang='lat' dir='ltr'><strong>b.</strong></span> <span class='ocrx_word' id='word_1_395' title='bbox 2296 3109 2513 3166; x_wconf 81' lang='lat' dir='ltr'><strong>Nonius</strong></span> 
     </span>
     <span class='ocr_line' id='line_1_59' title="bbox 1390 3177 2515 3248; baseline 0.005 -18"><span class='ocrx_word' id='word_1_396' title='bbox 1390 3177 1472 3232; x_wconf 89' lang='lat' dir='ltr'><strong>IV</strong></span> <span class='ocrx_word' id='word_1_397' title='bbox 1508 3184 1613 3233; x_wconf 79' lang='lat'><strong>426</strong></span> <span class='ocrx_word' id='word_1_398' title='bbox 1654 3179 1859 3234; x_wconf 82' lang='lat' dir='ltr'><strong>Persae</strong></span> <span class='ocrx_word' id='word_1_399' title='bbox 1894 3185 2124 3248; x_wconf 77' lang='lat' dir='ltr'><strong>propter</strong></span> <span class='ocrx_word' id='word_1_400' title='bbox 2172 3182 2515 3236; x_wconf 73' lang='lat' dir='ltr'><strong>eoeercitatio-</strong></span> 
     </span>
     <span class='ocr_line' id='line_1_60' title="bbox 1388 3250 2513 3318; baseline 0.002 -14"><span class='ocrx_word' id='word_1_401' title='bbox 1388 3265 1488 3304; x_wconf 75' lang='lat' dir='ltr'><strong>‘nes</strong></span> <span class='ocrx_word' id='word_1_402' title='bbox 1514 3250 1757 3318; x_wconf 77' lang='lat' dir='ltr'><strong>pueriles</strong></span> <span class='ocrx_word' id='word_1_403' title='bbox 1792 3250 2035 3305; x_wconf 76' lang='lat' dir='ltr'><strong>modicas</strong></span> <span class='ocrx_word' id='word_1_404' title='bbox 2070 3266 2189 3304; x_wconf 85' lang='lat' dir='ltr'><strong>eam</strong></span> <span class='ocrx_word' id='word_1_405' title='bbox 2222 3257 2353 3305; x_wconf 78' lang='lat' dir='ltr'><strong>sunt</strong></span> <span class='ocrx_word' id='word_1_406' title='bbox 2388 3268 2513 3307; x_wconf 77' lang='lat' dir='ltr'><strong>eon·</strong></span> 
     </span>
     <span class='ocr_line' id='line_1_61' title="bbox 1388 3320 2514 3401; baseline 0.003 -27"><span class='ocrx_word' id='word_1_407' title='bbox 1388 3321 1560 3375; x_wconf 77' lang='lat' dir='ltr'><strong>secuti</strong></span> <span class='ocrx_word' id='word_1_408' title='bbox 1593 3320 1838 3401; x_wconf 74' lang='lat' dir='ltr'><strong>eorporis</strong></span> <span class='ocrx_word' id='word_1_409' title='bbox 1874 3322 2199 3389; x_wconf 76' lang='lat' dir='ltr'><strong>siccitatem,</strong></span> <span class='ocrx_word' id='word_1_410' title='bbox 2246 3327 2310 3375; x_wconf 76' lang='lat' dir='ltr'><strong>ut</strong></span> <span class='ocrx_word' id='word_1_411' title='bbox 2344 3339 2514 3391; x_wconf 77' lang='lat' dir='ltr'><strong>neque</strong></span> 
     </span>
     <span class='ocr_line' id='line_1_62' title="bbox 1386 3392 2512 3462; baseline 0.003 -18"><span class='ocrx_word' id='word_1_412' title='bbox 1386 3394 1667 3459; x_wconf 75' lang='lat' dir='ltr'><strong>spuerent,</strong></span> <span class='ocrx_word' id='word_1_413' title='bbox 1713 3406 1884 3459; x_wconf 72' lang='lat' dir='ltr'><strong>‘neque</strong></span> <span class='ocrx_word' id='word_1_414' title='bbox 1918 3397 2358 3462; x_wconf 76' lang='lat' dir='ltr'><strong>emwnyerentwr‚</strong></span> <span class='ocrx_word' id='word_1_415' title='bbox 2394 3392 2512 3461; x_wconf 77' lang='lat' dir='ltr'><strong>suf-</strong></span> 
     </span>
     <span class='ocr_line' id='line_1_63' title="bbox 1386 3462 2063 3529; baseline 0.001 -15"><span class='ocrx_word' id='word_1_416' title='bbox 1386 3462 1582 3529; x_wconf 71' lang='lat' dir='ltr'><strong>flatove</strong></span> <span class='ocrx_word' id='word_1_417' title='bbox 1619 3477 1713 3516; x_wconf 84' lang='lat' dir='ltr'><strong>cor</strong></span> <span class='ocrx_word' id='word_1_418' title='bbox 1752 3476 1843 3515; x_wconf 89' lang='lat' dir='ltr'><strong>ore</strong></span> <span class='ocrx_word' id='word_1_419' title='bbox 1878 3466 2063 3516; x_wconf 75' lang='lat' dir='ltr'><strong>essent.</strong></span> 
     </span>
    </p>

    <p class='ocr_par' dir='ltr' id='par_1_14' title="bbox 1385 3528 2516 4170">
     <span class='ocr_line' id='line_1_64' title="bbox 1459 3528 2516 3600; baseline 0.006 -17"><span class='ocrx_word' id='word_1_420' title='bbox 1459 3528 1604 3599; x_wconf 67' lang='grc' dir='ltr'><strong>Καρ.</strong></span> <span class='ocrx_word' id='word_1_421' title='bbox 1647 3531 1685 3586; x_wconf 76' lang='lat'><strong>3</strong></span> <span class='ocrx_word' id='word_1_422' title='bbox 1726 3567 1745 3586; x_wconf 89' lang='lat'><strong>.</strong></span> <span class='ocrx_word' id='word_1_423' title='bbox 1824 3537 1943 3585; x_wconf 89' lang='lat'>100.</span> <span class='ocrx_word' id='word_1_424' title='bbox 2015 3531 2348 3600; x_wconf 73' lang='lat' dir='ltr'><strong>Timotheus,</strong></span> <span class='ocrx_word' id='word_1_425' title='bbox 2414 3533 2516 3589; x_wconf 88' lang='lat' dir='ltr'><strong>der</strong></span> 
     </span>
     <span class='ocr_line' id='line_1_65' title="bbox 1387 3602 2514 3661; baseline 0.004 -5"><span class='ocrx_word' id='word_1_426' title='bbox 1387 3616 1500 3655; x_wconf 81' lang='lat' dir='ltr'><strong>von</strong></span> <span class='ocrx_word' id='word_1_427' title='bbox 1545 3607 1828 3657; x_wconf 75' lang='lat'><strong>377—371</strong></span> <span class='ocrx_word' id='word_1_428' title='bbox 1887 3602 1980 3657; x_wconf 89' lang='lat' dir='ltr'><strong>die</strong></span> <span class='ocrx_word' id='word_1_429' title='bbox 2030 3603 2359 3659; x_wconf 76' lang='lat' dir='ltr'><strong>Herrschaft</strong></span> <span class='ocrx_word' id='word_1_430' title='bbox 2413 3605 2514 3661; x_wconf 84' lang='lat' dir='ltr'><strong>der</strong></span> 
     </span>
     <span class='ocr_line' id='line_1_66' title="bbox 1386 3672 2511 3746; baseline 0.004 -20"><span class='ocrx_word' id='word_1_431' title='bbox 1386 3672 1639 3728; x_wconf 75' lang='lat' dir='ltr'><strong>Athener</strong></span> <span class='ocrx_word' id='word_1_432' title='bbox 1690 3692 1786 3728; x_wconf 84' lang='lat' dir='ltr'><strong>zur</strong></span> <span class='ocrx_word' id='word_1_433' title='bbox 1833 3673 1937 3729; x_wconf 89' lang='lat' dir='ltr'><strong>See</strong></span> <span class='ocrx_word' id='word_1_434' title='bbox 1992 3674 2511 3746; x_wconf 74' lang='lat' dir='ltr'><strong>wiederherstellte‚</strong></span> 
     </span>
     <span class='ocr_line' id='line_1_67' title="bbox 1386 3743 2512 3803; baseline 0.002 -5"><span class='ocrx_word' id='word_1_435' title='bbox 1386 3743 1530 3798; x_wconf 84' lang='lat' dir='ltr'><strong>wird</strong></span> <span class='ocrx_word' id='word_1_436' title='bbox 1566 3744 1650 3803; x_wconf 77' lang='lat' dir='ltr'><strong>als</strong></span> <span class='ocrx_word' id='word_1_437' title='bbox 1694 3743 1787 3800; x_wconf 83' lang='lat' dir='ltr'><strong>ein</strong></span> <span class='ocrx_word' id='word_1_438' title='bbox 1832 3744 2054 3800; x_wconf 85' lang='lat' dir='ltr'><strong>Freund</strong></span> <span class='ocrx_word' id='word_1_439' title='bbox 2097 3745 2512 3801; x_wconf 77' lang='lat' dir='ltr'><strong>wissenschaft-</strong></span> 
     </span>
     <span class='ocr_line' id='line_1_68' title="bbox 1387 3814 2510 3887; baseline 0.003 -19"><span class='ocrx_word' id='word_1_440' title='bbox 1387 3814 1566 3870; x_wconf 87' lang='lat' dir='ltr'><strong>lieher</strong></span> <span class='ocrx_word' id='word_1_441' title='bbox 1602 3814 1851 3887; x_wconf 85' lang='lat' dir='ltr'><strong>Bildung</strong></span> <span class='ocrx_word' id='word_1_442' title='bbox 1890 3816 2234 3871; x_wconf 77' lang='lat' dir='ltr'><strong>bezeichnet.</strong></span> <span class='ocrx_word' id='word_1_443' title='bbox 2309 3817 2378 3871; x_wconf 88' lang='lat' dir='ltr'><strong>de</strong></span> <span class='ocrx_word' id='word_1_444' title='bbox 2416 3816 2510 3872; x_wconf 85' lang='lat' dir='ltr'><strong>off.</strong></span> 
     </span>
     <span class='ocr_line' id='line_1_69' title="bbox 1385 3886 2510 3956; baseline 0.001 -15"><span class='ocrx_word' id='word_1_445' title='bbox 1385 3886 1413 3941; x_wconf 88' lang='grc' dir='ltr'>Ι</span> <span class='ocrx_word' id='word_1_446' title='bbox 1451 3892 1539 3956; x_wconf 77' lang='lat'><strong>32,</strong></span> <span class='ocrx_word' id='word_1_447' title='bbox 1579 3893 1680 3942; x_wconf 83' lang='grc'><strong>116</strong></span> <span class='ocrx_word' id='word_1_448' title='bbox 1721 3887 2029 3943; x_wconf 76' lang='lat' dir='ltr'><strong>Timotheus</strong></span> <span class='ocrx_word' id='word_1_449' title='bbox 2069 3886 2306 3942; x_wconf 77' lang='lat' dir='ltr'><strong>Uononis</strong></span> <span class='ocrx_word' id='word_1_450' title='bbox 2338 3887 2510 3955; x_wconf 72' lang='lat' dir='ltr'><strong>filius,</strong></span> 
     </span>
     <span class='ocr_line' id='line_1_70' title="bbox 1387 3958 2512 4027; baseline 0.002 -15"><span class='ocrx_word' id='word_1_451' title='bbox 1387 3958 1487 4027; x_wconf 75' lang='lat' dir='ltr'><strong>qui</strong></span> <span class='ocrx_word' id='word_1_452' title='bbox 1533 3974 1658 4013; x_wconf 76' lang='lat' dir='ltr'><strong>ewm</strong></span> <span class='ocrx_word' id='word_1_453' title='bbox 1712 3959 1840 4014; x_wconf 85' lang='lat' dir='ltr'><strong>belli</strong></span> <span class='ocrx_word' id='word_1_454' title='bbox 1893 3959 2056 4013; x_wconf 77' lang='lat' dir='ltr'><strong>laude</strong></span> <span class='ocrx_word' id='word_1_455' title='bbox 2108 3974 2223 4012; x_wconf 74' lang='lat' dir='ltr'><strong>non</strong></span> <span class='ocrx_word' id='word_1_456' title='bbox 2273 3959 2512 4025; x_wconf 75' lang='lat' dir='ltr'><strong>inferior</strong></span> 
     </span>
     <span class='ocr_line' id='line_1_71' title="bbox 1385 4029 2512 4099; baseline 0.004 -17"><span class='ocrx_word' id='word_1_457' title='bbox 1385 4029 1583 4095; x_wconf 72' lang='lat' dir='ltr'><strong>fuisset</strong></span> <span class='ocrx_word' id='word_1_458' title='bbox 1616 4046 1783 4099; x_wconf 74' lang='lat' dir='ltr'><strong>quam</strong></span> <span class='ocrx_word' id='word_1_459' title='bbox 1815 4035 1998 4098; x_wconf 79' lang='lat' dir='ltr'><strong>pater,</strong></span> <span class='ocrx_word' id='word_1_460' title='bbox 2036 4030 2112 4084; x_wconf 81' lang='lat' dir='ltr'><strong>ad</strong></span> <span class='ocrx_word' id='word_1_461' title='bbox 2146 4046 2265 4083; x_wconf 82' lang='lat' dir='ltr'><strong>eam</strong></span> <span class='ocrx_word' id='word_1_462' title='bbox 2293 4031 2512 4086; x_wconf 72' lang='lat' dir='ltr'><strong>laudem</strong></span> 
     </span>
     <span class='ocr_line' id='line_1_72' title="bbox 1388 4100 2508 4170; baseline 0.002 -15"><span class='ocrx_word' id='word_1_463' title='bbox 1388 4100 1673 4155; x_wconf 54' lang='lat' dir='ltr'><strong>dominae</strong></span> <span class='ocrx_word' id='word_1_464' title='bbox 1705 4106 1757 4157; x_wconf 80' lang='lat' dir='ltr'><strong>et</strong></span> <span class='ocrx_word' id='word_1_465' title='bbox 1790 4101 2005 4170; x_wconf 65' lang='lat' dir='ltr'><strong>ingenii</strong></span> <span class='ocrx_word' id='word_1_466' title='bbox 2027 4101 2263 4170; x_wconf 65' lang='lat' dir='ltr'><strong>gloriam</strong></span> <span class='ocrx_word' id='word_1_467' title='bbox 2290 4102 2508 4158; x_wconf 74' lang='lat' dir='ltr'><strong>adiecit.</strong></span> 
     </span>
    </p>

    <p class='ocr_par' dir='ltr' id='par_1_15' title="bbox 1386 4171 2512 4385">
     <span class='ocr_line' id='line_1_73' title="bbox 1459 4171 2512 4241; baseline 0.003 -16"><span class='ocrx_word' id='word_1_468' title='bbox 1459 4172 1725 4241; x_wconf 68' lang='lat' dir='ltr'><strong>epistula,</strong></span> <span class='ocrx_word' id='word_1_469' title='bbox 1764 4171 1862 4225; x_wconf 83' lang='lat' dir='ltr'><strong>der</strong></span> <span class='ocrx_word' id='word_1_470' title='bbox 1898 4171 2148 4227; x_wconf 85' lang='lat' dir='ltr'><strong>siebente</strong></span> <span class='ocrx_word' id='word_1_471' title='bbox 2187 4171 2288 4227; x_wconf 84' lang='lat' dir='ltr'><strong>der</strong></span> <span class='ocrx_word' id='word_1_472' title='bbox 2321 4173 2512 4228; x_wconf 76' lang='lat' dir='ltr'><strong>Plato-</strong></span> 
     </span>
     <span class='ocr_line' id='line_1_74' title="bbox 1389 4240 2511 4315; baseline 0.003 -20"><span class='ocrx_word' id='word_1_473' title='bbox 1389 4240 1623 4298; x_wconf 83' lang='lat' dir='ltr'><strong>nischen</strong></span> <span class='ocrx_word' id='word_1_474' title='bbox 1647 4242 1857 4311; x_wconf 79' lang='lat' dir='ltr'><strong>Briefe‚</strong></span> <span class='ocrx_word' id='word_1_475' title='bbox 1896 4242 1987 4299; x_wconf 88' lang='lat' dir='ltr'><strong>die</strong></span> <span class='ocrx_word' id='word_1_476' title='bbox 2008 4241 2218 4315; x_wconf 68' lang='lat' dir='ltr'><strong>,iedoch</strong></span> <span class='ocrx_word' id='word_1_477' title='bbox 2246 4243 2511 4299; x_wconf 63' lang='lat' dir='ltr'><strong>samtlich</strong></span> 
     </span>
     <span class='ocr_line' id='line_1_75' title="bbox 1386 4313 2511 4385; baseline 0.002 -19"><span class='ocrx_word' id='word_1_478' title='bbox 1386 4315 1599 4370; x_wconf 75' lang='lat' dir='ltr'><strong>uneeht</strong></span> <span class='ocrx_word' id='word_1_479' title='bbox 1627 4314 1767 4369; x_wconf 80' lang='lat' dir='ltr'><strong>sind.</strong></span> <span class='ocrx_word' id='word_1_480' title='bbox 1840 4313 1917 4369; x_wconf 83' lang='lat' dir='ltr'><strong>Es</strong></span> <span class='ocrx_word' id='word_1_481' title='bbox 1943 4314 2084 4370; x_wconf 82' lang='lat' dir='ltr'><strong>wird</strong></span> <span class='ocrx_word' id='word_1_482' title='bbox 2111 4314 2352 4385; x_wconf 80' lang='lat' dir='ltr'><strong>fingiett,</strong></span> <span class='ocrx_word' id='word_1_483' title='bbox 2386 4313 2511 4369; x_wconf 79' lang='lat' dir='ltr'><strong>dass</strong></span> 
     </span>
    </p>
   </div>
   <div class='ocr_carea' id='block_1_6' title="bbox 2016 4409 2083 4459">
    <p class='ocr_par' dir='ltr' id='par_1_16' title="bbox 2016 4409 2083 4459">
     <span class='ocr_line' id='line_1_76' title="bbox 2016 4409 2083 4459; baseline 0.015 -1"><span class='ocrx_word' id='word_1_484' title='bbox 2016 4409 2083 4459; x_wconf 90' lang='lat'><strong>10</strong></span> 
     </span>
    </p>
   </div>
  </div>
 </body>
</html>
