2902 4649
563 146 1170 204 TUSCULANARUM
1208 147 1832 205 DISPUTATIONUM.
1871 148 1967 204 III.
2007 156 2072 203 73
2084 157 2235 204 -76,
2488 150 2577 215 43

213 317 339 376 riae
397 317 557 394 regis
612 332 790 396 uxor,
855 332 1008 394 quae
1076 314 1276 376 nobile
1340 314 1489 377 illud
1544 314 1910 376 Haficarnasi
1974 316 2118 377 fecit
2172 316 2578 400 sepulchrum,

212 422 394 484 quam
440 403 543 465 diu
589 406 753 485 vixit,
800 405 945 464 vixit
990 406 1052 465 in
1097 404 1284 486 luctu,
1329 404 1660 484 eodemque
1708 406 1888 466 etiam
1933 405 2205 466 confecta
2249 405 2576 468 contabuit.

210 493 368 554 flm‘c
414 501 543 554 erat
587 492 685 553 illa
731 494 932 572 opinio
980 492 1198 554 cotidie
1243 511 1485 576 recenS,
1533 512 1683 573 quae
1730 502 1860 555 tum
1906 493 2163 573 denique
2211 512 2331 555 non
2378 494 2575 575 appel-

211 582 370 644 latur
416 600 648 663 reeenS,
694 600 831 642 cum
879 590 1173 643 vetustate
1219 585 1471 644 exaruit.

392 670 551 731 Haec
610 673 793 750 igitur
861 671 1054 733 officia
1124 679 1266 733 sunt
1333 670 1796 751 consolantium,
1868 670 2078 732 tollere
2139 672 2574 750 aegritudinem

208 761 484 822 funditus
530 768 634 821 aut
680 759 887 822 sedare
937 769 1040 822 aut
1083 760 1401 821 detrahere
1449 778 1627 839 quam
1674 759 2019 840 plurumum
2055 768 2159 821 aut
2196 762 2573 840 supprimere

207 867 326 910 nec
382 851 505 929 pati
557 866 800 909 manare
854 848 1092 928 longius
1146 857 1247 910 aut
1309 849 1382 910 ad
1435 850 1549 910 alia
1605 849 1938 910 traducere.
2031 848 2186 910 Sunt
2230 851 2336 927 qui
2387 868 2575 911 unum
2596 868 2663 917 76

207 939 480 999 officium
507 937 890 1000 consolantis
934 946 1166 1017 putent,
1212 937 1433 1005 malum
1479 937 1627 999 illud
1674 941 1916 999 omnino
1963 957 2083 999 non
2131 957 2284 1019 esse,
2333 946 2400 1000 ut
2444 938 2573 1000 Cle-

205 1027 383 1089 anthi
425 1027 646 1108 placet3
708 1033 850 1087 sunt
895 1028 999 1106 qui
1045 1044 1168 1087 non
1213 1045 1494 1106 magnum
1547 1026 1796 1108 malum,
1859 1036 1925 1088 ut
1969 1026 2377 1108 Peripatetici3
2433 1036 2576 1089 sunt

213 1119 323 1196 qui
365 1115 662 1178 abducant
707 1134 742 1176 a
786 1114 957 1176 malis
1003 1115 1074 1175 ad
1122 1114 1293 1194 hona,
1343 1125 1409 1176 ut
1454 1114 1786 1197 Epicurus3
1834 1124 1976 1177 sunt
2022 1119 2124 1195 qui
2171 1119 2314 1177 satis
2359 1123 2572 1196 putent

207 1204 531 1266 ostendere
568 1205 718 1265 nihil
753 1206 1042 1284 inopinati
1079 1204 1386 1284 accidisse,
1426 1211 1500 1265 ut
1542 1206 1886 1283 Cyrenaici.
1969 1204 2337 1284 Chrysippus
2373 1212 2574 1266 autem

201 1302 396 1374 caput
449 1312 581 1355 esse
636 1303 845 1354 censet
897 1295 960 1353 in
1015 1292 1375 1354 consolando
1431 1293 1749 1355 detrahere
1804 1293 1964 1355 illam
2018 1296 2360 1373 opinionem
2415 1312 2572 1355 mae-

206 1386 390 1463 renti,
436 1384 489 1443 si
534 1401 599 1444 se
646 1382 845 1443 officio
888 1382 1058 1461 fungi
1100 1389 1276 1462 putet
1319 1385 1480 1443 iusto
1528 1391 1706 1463 atque
1750 1382 1969 1444 debito.
2063 1381 2218 1443 Sunt
2254 1384 2432 1443 etiam
2471 1386 2576 1463 qui

204 1472 358 1533 haec
405 1474 601 1533 omnia
659 1489 878 1551 genera
932 1467 1278 1531 consolandi
1334 1471 1635 1551 conligant
1687 1504 1762 1516 -
1812 1471 1964 1533 alius
2021 1473 2180 1533 enim
2236 1471 2350 1532 alio
2396 1471 2574 1533 modo

202 1571 486 1621 movetur
530 1593 645 1642 —-,
700 1568 770 1621 ut
822 1560 949 1621 fere
1005 1578 1115 1620 nos
1171 1562 1236 1620 in
1282 1558 1701 1622 Consolatione
1753 1562 1950 1622 omnia
1995 1562 2060 1621 in
2105 1560 2574 1622 consolationem

203 1667 391 1711 unam
447 1650 842 1729 coniecimus3
907 1657 1036 1710 erat
1090 1650 1250 1709 enim
1314 1651 1378 1709 in
1433 1657 1670 1711 tumore
1726 1653 1961 1711 animus
2016 1658 2078 1710 et
2131 1651 2326 1710 omnis
2381 1651 2443 1710 in
2500 1669 2572 1711 eo

201 1737 613 1817 temptabatur
672 1740 923 1800 curatio.
1014 1737 1132 1799 Sed
1194 1738 1555 1799 sumendum
1613 1747 1853 1819 tempus
1917 1745 2011 1799 est
2070 1756 2191 1799 non
2250 1740 2449 1800 minus
2507 1740 2572 1800 in

199 1829 546 1888 animorum
595 1826 820 1904 morbis
869 1844 1048 1906 quam
1091 1829 1154 1887 in
1202 1845 1551 1908 corporum,
1597 1837 1667 1889 ut
1702 1827 2097 1890 Prometheus
2142 1825 2241 1888 ille
2279 1827 2572 1910 Aeschyli,

198 1918 308 1987 cui
353 1935 492 1977 cum
540 1916 767 1978 dictum
813 1923 971 1978 esset

636 2037 837 2115 Atqui,
886 2041 1267 2114 Pr0metheu,
1316 2047 1375 2102 te
1418 2040 1536 2103 ho'c
1583 2048 1792 2104 tenere
1837 2040 2132 2119 exz'stz‘mO,

635 2127 871 2190 mede'rz‘
904 2146 1084 2205 posse
1128 2127 1468 2190 orationem
1516 2129 1902 2211 iracundiae,

200 2234 542 2314 respondit:

511 2362 584 2422 Si
625 2359 867 2437 quide'm
913 2365 1022 2436 qui
1064 2357 1474 2438 tempestivam
1518 2365 1886 2425 medicinam
1932 2363 2272 2438 admovens,

509 2467 631 2511 non
680 2448 1131 2526 adgravescens
1174 2450 1387 2512 volnus
1434 2450 1654 2513 inlidat
1700 2470 1902 2514 mana.

199 2693 561 2748 Mausoleum
586 2692 594 2700 '
607 2692 847 2762 gehorte
893 2708 961 2744 zu
1005 2690 1115 2745 den
1160 2690 1334 2745 Wun·
1515 2694 1580 2747 in
1615 2698 1850 2749 tumore.-
1885 2699 2084 2761 tumor,
2121 2693 2213 2750 die
2244 2694 2567 2749 Ansehwel-

200 2763 538 2819 derwerken
574 2763 676 2817 der
712 2762 869 2818 alten
906 2761 1090 2827 Welt3
1128 2760 1335 2817 bedeu-
1443 2764 1586 2834 lung
1657 2765 1797 2819 wird
1844 2782 1960 2821 von
2013 2766 2126 2820 den
2169 2764 2568 2835 Aufregungen

195 2836 374 2891 tende
412 2834 572 2890 Teile
619 2834 807 2889 davon
851 2832 980 2887 sind
1017 2832 1162 2902 jetzt
1205 2832 1335 2888 wie·
1443 2835 1544 2890 der
1547 2781 1743 2892 gSeele
1781 2838 1997 2906 gesagt.
2061 2837 2138 2891 IV
2168 2842 2199 2902 5
2225 2842 2293 2892 63
2332 2841 2568 2892 recentes

199 2907 308 2960 der
342 2904 743 2976 aufgefunden.
1442 2907 1607 2976 quasi
1641 2912 1879 2963 tumores
1913 2909 2105 2963 ami.
2172 2906 2350 2962 Nieht
2386 2908 2567 2963 selten

275 2978 463 3032 tollere
499 2977 917 3048 aceritudinem,
952 2981 1071 3043 aut,
1111 2975 1213 3030 das
1242 2974 1335 3031 bei
1444 2977 1600 3031 steht
1644 2994 1704 3033 es
1750 2978 2027 3048 geradezu
2070 2977 2161 3032 fiir
2198 2979 2381 3045 Stolm
2432 2979 2568 3035 aber

197 3046 342 3118 lang
344 3063 479 3103 eren
514 3046 872 3117 Aufzfihlung
874 3062 943 3100 en
981 3015 1152 3101 meist
1188 3046 1335 3101 auch
1441 3048 1586 3103 anch
1626 3049 1728 3104 auf
1759 3049 1853 3105 die
1897 3048 2153 3106 aursei-en
2180 3048 2564 3106 Verhffltnisse

197 3119 301 3173 bei
302 3064 467 3173 gdem
503 3119 693 3172 ersten
727 3064 926 3172 Gliede
963 3115 1334 3188 hinzugefiigt
1439 3119 1582 3173 wird
1618 3121 1722 3175 das
1757 3120 1886 3175 Bild
1923 3121 2278 3190 fibertragen.
2344 3121 2416 3175 ad
2445 3122 2563 3176 Att.

198 3189 374 3257 wil-d,
428 3188 575 3244 fehlt
626 3188 780 3256 hier,
844 3187 975 3242 weil
1030 3187 1131 3243 das
1186 3191 1332 3243 erste
1439 3191 1571 3244 XIV
1608 3197 1660 3262 ὅ,
1698 3199 1730 3247 2
1769 3198 1950 3247 tumor
1984 3209 2182 3247 rev-nom.

192 3258 374 3316 Glied
403 3260 489 3314 als
518 3259 618 3315 das
636 3257 957 3329 wiehtigste
984 3259 1099 3313 und
1118 3259 1332 3329 groseto
1515 3235 2562 3330 Romeawus.Aesehyl.P1-om.vinct.

193 3332 314 3387 den
341 3330 646 3400 folgenden
660 3332 1158 3401 entgegengesetzt
1175 3330 1332 3386 wird.
1440 3338 1544 3388 379
1583 3337 1713 3404 sagt
1748 3333 2029 3389 Oceanus.

193 3401 320 3457 Das
360 3403 511 3458 erate
538 3408 639 3458 aut
664 3403 742 3457 ist
768 3401 1004 3456 deshalb
1032 3401 1139 3456 mit
1173 3401 1332 3456 ‘oder
1442 3401 1700 3474 Οὔκουν,
1747 3404 2092 3476 Προμηθεῦ,
2148 3404 2319 3458 τοῦτο
2363 3401 2561 3473 γιγνώ-

196 3473 569 3544 wenigstens’
611 3491 678 3527 zu
715 3474 1061 3529 ubersetzen.
2081 3492 2235 3535 σκεις
2269 3467 2362 3529 ὅτι

276 3550 363 3601 76.
400 3544 646 3628 officiam
682 3545 1013 3600 consolantis
1031 3547 1329 3613 putent—
1437 3545 1626 3614 ψυχῆς
1662 3541 1939 3613 νοσούσης
1975 3543 2118 3600 εἰσὶν
2157 3544 2342 3615 ἰατροὶ
2374 3542 2561 3616 λόγοις

189 3631 338 3683 esse,
389 3616 483 3670 ein
526 3618 872 3686 pragnanter
904 3613 1204 3669 Ausdruck
1238 3614 1332 3668 fiir
1438 3616 1660 3671 worauf
1689 3615 2055 3672 Prometheus
2092 3618 2426 3673 antwurtet.

193 3688 296 3755 off.
344 3692 548 3757 putent
602 3688 836 3742 docere
886 3716 954 3726 -
1001 3702 1124 3740 esse.
1198 3684 1327 3756 Vgl.
1434 3682 1573 3740 Ἐάν
1627 3707 1713 3749 τις
1775 3684 1839 3742 ἐν
1904 3687 2081 3760 καιρῷ
2137 3707 2201 3758 γε
2261 3685 2563 3760 μαλθάσσῃ

194 3762 304 3825 30,
345 3762 413 3812 73
450 3774 601 3813 nanc
634 3758 780 3813 illud
813 3758 952 3812 satis
984 3762 1063 3812 est
1093 3773 1211 3811 non
1247 3761 1330 3811 at-
2080 3759 2223 3827 κέαρ

195 3830 457 3885 tribuere.
532 3834 631 3899 32,
679 3835 746 3885 77
792 3830 956 3883 tertia
1008 3829 1331 3896 (medicina)
1438 3830 1538 3884 καὶ
1575 3825 1650 3901 μὴ
1706 3831 2014 3900 σφυὸῶντα
2057 3828 2253 3901 θυμὸν
2301 3829 2560 3901 ἰσχναίνῃ

198 3906 311 3967 eat,
374 3915 642 3954 summam
695 3915 804 3955 esse
855 3900 1167 3954 sttdtitiam.
1250 3897 1329 3952 IV

197 3977 293 4040 38,
331 3975 401 4026 83
441 3971 619 4027 animi
661 3971 972 4026 morborum
1005 3987 1125 4025 uma
1160 3987 1328 4025 sam·
1508 3973 1836 4028 orationem.-
1889 3974 1946 4029 io
1989 3973 2068 4028 ist
2110 3945 2195 4027 als
2242 3971 2367 4028 eine
2405 3971 2561 4029 Silbe

199 4044 281 4099 tio
318 4047 414 4108 est,
450 4057 633 4097 omnes
667 4042 973 4111 opinabiles
1006 4057 1130 4097 cese.
1435 4062 1505 4097 zu
1561 4043 1745 4112 lesen,
1799 4044 1907 4099 wie
1950 4035 2015 4099 iu
2063 4043 2126 4098 in
2162 4044 2438 4113 proelium
2481 4043 2561 4099 IV

275 4083 551 4180 Cleamthi,
588 4130 632 4170 s.
670 4131 713 4170 z.
752 4114 804 4168 11
842 4118 930 4182 25,
968 4118 1054 4169 60.
1425 4120 1525 4183 23,
1563 4120 1630 4169 52
1669 4116 1785 4170 und
1828 4108 1922 4170 bei
1962 4116 2146 4172 Horaz
2182 4131 2353 4172 carm.
2390 4115 2472 4170 111
2508 4123 2559 4186 4,

272 4187 435 4241 illam
472 4185 783 4255 opinionem
819 4215 890 4225 -
926 4186 978 4239 si
1013 4216 1084 4225 —-
1103 4190 1330 4254 putent.-
1436 4191 1506 4240 41
1567 4186 1675 4242 Vos
1727 4188 1845 4242 lene
1887 4186 2175 4242 consilium
2220 4192 2272 4242 et
2315 4187 2465 4243 datis
2508 4194 2560 4243 et

199 4246 354 4312 Uber
391 4253 486 4312 die
513 4255 881 4327 Verbindung
916 4274 956 4311 s.
988 4274 1032 4311 z.
1054 4257 1081 4310 I
1108 4262 1326 4325 47,111
1436 4258 1568 4313 dato
1605 4276 1658 4313 u.
1690 4276 1734 4313 s.
1762 4275 1830 4312 w.
1905 4257 1986 4312 III
2023 4264 2073 4323 6,
2112 4264 2144 4313 6
2204 4258 2365 4314 Hinc
2405 4274 2561 4315 omne

196 4329 438 4398 suspitio
473 4328 526 4383 si
561 4329 874 4398 opinamur.
1432 4331 1779 4401 principium
1809 4330 1918 4386 huc
1950 4330 2093 4398 refer
2128 4331 2352 4385 exim.
