2902 4649
521 130 1124 189 TUSCULANARUM
1159 130 1772 189 DISPUTATIONUM
1808 131 1875 188 V.
1916 138 2144 189 66-70.
2389 131 2514 199 131

166 302 231 361 in
276 300 520 361 ratione
565 299 824 382 vivendi,
880 301 1096 363 tertius
1150 302 1218 364 in
1267 299 1586 362 iudicando
1645 300 1786 379 quid
1844 291 2061 379 cuique
2119 301 2208 360 rei
2255 301 2334 361 sit
2379 316 2518 360 con-

168 404 451 468 sequenS,
510 386 652 466 quid
706 406 1046 468 repugnans
1055 437 1073 471 ,
1127 391 1190 450 in
1248 407 1366 468 quo
1424 390 1585 452 inest
1630 391 1823 451 omnis
1870 407 2006 450 cum
2056 388 2353 450 subtilitas
2399 387 2518 449 dis·

165 476 405 539 serendi
460 484 589 538 tum
642 480 861 539 veritas
915 477 1235 540 iudicandi.
1326 478 1461 550 Quo
1524 477 1765 540 tandem
1829 479 2012 557 igitur
2071 477 2283 558 gaudio
2343 476 2517 538 adfici
2536 488 2606 539 69

164 583 411 627 necesse
468 573 562 627 est
616 568 900 646 sapientis
957 570 1217 630 animum
1273 585 1414 629 cum
1470 566 1565 629 his
1620 566 1987 629 habitantem
2039 574 2517 648 pernoctantem·

167 673 282 734 que
330 656 520 735 curis,
580 662 648 717 ut
693 674 832 718 cum
877 658 1063 719 totius
1108 658 1318 718 mundi
1362 663 1562 719 motus
1609 658 2151 736 conversionesque
2197 674 2518 737 perspexe-

164 745 247 806 rit
309 743 624 824 sideraque
688 745 904 807 viderit
974 744 1431 807 innumerabilia
1504 745 1667 808 caelo
1743 745 2113 807 inhaerentia
2183 763 2321 808 cum
2387 746 2518 806 eius

166 835 355 914 ipsius
391 840 569 894 motu
615 852 950 914 congruere
996 837 1181 897 certis
1216 835 1396 897 infixa
1433 834 1696 916 sedihuS,
1742 843 1971 916 septem
2009 834 2120 895 alia
2156 853 2300 895 ¹suos
2338 852 2517 913 quae·

165 940 280 1001 que
335 930 544 983 tenere
601 941 817 986 cursus
869 923 1126 987 multum
1181 926 1343 986 inter
1397 942 1463 985 se
1519 933 1623 985 aut
1676 923 1986 986 altitudine
2038 932 2142 985 aut
2184 923 2517 985 humilitate

165 1010 460 1092 distantia,
507 1030 761 1091 quorum
810 1016 942 1093 vagi
988 1023 1188 1077 motus
1230 1021 1359 1075 rata
1402 1023 1604 1075 tamen
1659 1022 1719 1074 et
1765 1020 1930 1074 certa
1981 1015 2076 1074 sui
2123 1031 2338 1075 cursus
2384 1029 2537 1092 spa--

163 1102 246 1162 tia
299 1099 583 1162 definiant
633 1133 711 1146 --
761 1101 977 1164 horum
1033 1105 1318 1166 nimirum
1372 1111 1653 1183 aspectus
1706 1101 1924 1182 inpulit
1976 1100 2110 1163 illos
2167 1109 2400 1163 veteres
2457 1109 2519 1160 et

164 1189 499 1270 admonuit,
555 1199 624 1252 ut
666 1190 841 1270 plura
887 1201 1263 1270 quaererent.
1353 1191 1500 1252 Inde
1546 1200 1640 1252 est
1683 1190 1979 1270 indagatio
2027 1198 2163 1252 nata
2207 1192 2515 1252 initiorum
2551 1219 2555 1223 >

162 1287 226 1340 et
271 1286 571 1357 tamquam
620 1281 934 1361 seminum,
979 1280 1141 1342 unde
1188 1288 1393 1344 essent
1438 1282 1634 1344 omnia
1682 1290 1829 1362 orta,
1874 1287 2171 1360 generata,
2220 1285 2519 1361 concreta,

161 1386 435 1448 quaeque
483 1369 776 1448 cuiusque
823 1372 1061 1448 generis
1106 1369 1202 1431 vel
1244 1372 1492 1432 inanimi
1537 1369 1629 1431 vel
1686 1370 2027 1450 animantiS,
2089 1369 2180 1430 vel
2227 1370 2380 1433 muti
2424 1366 2519 1428 vel

160 1456 464 1536 loquentis
511 1458 706 1538 origo,
763 1476 915 1537 quae
962 1460 1107 1541 vita,
1162 1460 1265 1538 qui
1320 1460 1603 1520 interitus
1648 1476 1921 1538 quaeque
1967 1476 2041 1519 ex
2087 1457 2201 1520 alio
2247 1460 2310 1518 in
2356 1454 2516 1518 aliud

153 1544 504 1608 vicissitudo
551 1553 729 1626 atque
775 1548 1045 1628 mutatio,
1092 1546 1250 1608 unde
1297 1557 1457 1609 terra
1507 1554 1567 1610 et
1613 1546 1833 1627 quihus
1878 1546 2089 1608 librata
2125 1545 2512 1627 ponderihuS,

158 1634 380 1715 quihus
444 1637 714 1696 cavernis
781 1638 964 1697 maria
1029 1638 1465 1718 sustineantur,
1531 1654 1646 1716 qua
1712 1638 1908 1697 omnia
1973 1635 2165 1697 delata
2229 1637 2515 1715 gravitate

153 1722 420 1785 medium
474 1724 681 1794 mundi
735 1723 940 1786 locum
998 1743 1235 1806 semper
1293 1733 1600 1806 expetant,
1656 1727 1759 1804 qui
1815 1732 1908 1786 est
1962 1723 2122 1785 idem
2165 1725 2405 1785 infimus
2449 1725 2513 1785 in
2534 1769 2625 1835 25

152 1811 474 1882 rutundus
526 1812 685 1874 Haec
735 1816 1014 1875 tractanti
1061 1816 1256 1876 animo
1306 1824 1366 1875 et
1412 1821 1620 1876 noctes
1670 1822 1731 1875 et
1776 1813 1903 1875 dies
1947 1815 2232 1892 cogitanti
2278 1814 2605 1897 exsistit-70

152 1965 314 2036 giebt
369 1964 480 2020 den
531 1966 946 2022 theoretischen
999 1966 1126 2022 Teil
1183 1967 1283 2022 der
1460 1968 1592 2036 vaqi
1626 1971 1822 2034 motus,
1859 1984 1900 2021 s.
1941 1986 1984 2021 z.
2024 1966 2051 2019 I
2091 1972 2176 2035 25,
2217 1973 2302 2022 62.

150 2036 354 2104 Effluit,
387 2036 477 2092 die
502 2036 885 2108 Feststenung
910 2037 1009 2093 der
1029 2039 1283 2095 Grenzen
1461 2038 1684 2093 Horum
1728 2068 1793 2078 —
1842 2039 2158 2107 adspectus.-
2213 2038 2517 2093 denselben

152 2125 264 2165 von
285 2106 401 2162 Gut
431 2108 546 2163 und
563 2108 732 2177 Bone,
762 2109 816 2164 d.
835 2108 873 2163 i.
903 2110 1192 2179 discriptio
1211 2140 1280 2149 —
1390 2108 1698 2164 Gedanken
1744 2107 2158 2165 ausfiihrlicher
2191 2108 2216 2161 I
2257 2115 2339 2178 19,
2377 2113 2446 2165 45
2475 2108 2513 2165 f.

152 2196 371 2264 smmi
436 2179 537 2261 <1²3⁵
604 2180 799 2262 zweififl,
866 2180 973 2235 <101¹
1043 2185 1282 2251 param·
1459 2203 1738 2267 tamquam
1784 2200 2078 2253 seminam:
2133 2198 2224 2252 die
2271 2199 2515 2253 mtesten

152 2252 377 2307 tischen
398 2250 541 2318 Teil,
578 2251 669 2306 (he
695 2250 1150 2320 Pfliehtenlehre,
1189 2268 1281 2322 an,
1387 2268 1948 2340 Naturphssogophen
2029 2268 2254 2340 fragten
2335 2268 2515 2341 nieht,

154 2322 247 2379 die
282 2328 315 2405 ἓ,
349 2329 416 2378 ⁷1
453 2322 561 2377 11²st
576 2323 867 2406 ,dem
901 2326 1100 2379 “030⁶ss
1133 2326 1281 2408 '‘aqi‘’
1390 2340 1660 2397 wodurch
1706 2341 1799 2396 die
1840 2341 1993 2396 Welt
2029 2340 2368 2396 antetanden
2414 2342 2514 2411 sei,

152 2394 485 2450 bezan-,huet
519 2394 676 2450 ward.
750 2393 818 2449 In
860 2395 970 2449 den
1004 2395 1170 2451 Hdss.
1206 2398 1286 2452 nt
1392 2412 1631 2468 eoadem
1666 2429 1904 2480 worang,
1942 2429 1986 2467 Ζ,
2014 2411 2079 2469 Β,
2119 2413 2191 2468 ob
2228 2429 2327 2467 ang
2351 2412 2514 2466 Wag-

155 2464 253 2522 die
319 2465 492 2520 Stella
558 2465 687 2519 sehr
748 2464 1091 2537 verdorben,
1156 2467 1285 2522 dort

157 2536 316 2592 steht
347 2553 602 2592 verarum
637 2552 707 2592 ne
739 2538 975 2594 vivendi.
1075 2563 1079 2567 ·

230 2614 317 2664 69.
369 2609 547 2663 ouo-is.-
593 2624 758 2663 curae
804 2634 872 2655 ==
911 2604 1283 2680 μελετήματα,

155 2679 305 2736 auch
369 2695 485 2735 von
547 2679 1114 2736 wissenschaftlicher
1175 2681 1283 2736 Be-

155 2748 536 2820 sehastigung.
666 2772 669 2777 ·

227 2825 293 2877 ut
321 2837 443 2876 eum
476 2854 536 2863 —
561 2822 919 2891 perspexerit,
957 2841 1003 2878 z.
1024 2821 1087 2875 B.
1118 2838 1281 2877 wenn

155 2909 222 2949 er
244 2892 584 2948 betraehtet.
623 2893 967 2962 perspexerit
992 2891 1071 2948 iat
1085 2893 1278 2948 Futnr.

156 2966 444 3032 exactum,
492 2964 591 3018 das
635 2964 853 3034 gesetzt
894 2964 994 3032 ist,
1047 2963 1176 3020 weil
1220 2964 1281 3018 in

154 3050 378 3093 neeesse·
426 3040 505 3090 eet
558 3035 716 3103 affici
777 3034 877 3090 der
932 3034 1068 3090 Sinn
1127 3034 1279 3091 eines

152 3108 432 3162 Futurum
485 3104 644 3188 liegt.
716 3105 905 3161 Andre
958 3106 1165 3161 wollen
1218 3111 1282 3162 ut

152 3178 239 3234 als
286 3175 659 3232 konsekutive
703 3175 958 3232 Partikel
1009 3177 1124 3232 und
1171 3177 1282 3234 den

302 3264 373 3303 en
436 3248 567 3303 Sata
630 3247 715 3304 als
770 3247 1098 3304 Anakoluth
1162 3248 1281 3304 aus·

242 3335 369 3385 sen,
417 3335 480 3375 so
518 3318 640 3374 dass
686 3318 787 3375 der
821 3336 933 3375 von
967 3325 1033 3376 ut
1069 3319 1280 3375 abhan-

152 3391 290 3462 g’ige
330 3389 462 3445 Satz
499 3390 663 3460 fehlt,
705 3391 841 3446 aber
876 3390 976 3446 der
1014 3390 1280 3447 Gedanke

148 3468 179 3529 ἓ
220 3469 291 3518 70
328 3460 435 3516 mit
470 3462 628 3520 Haec
661 3464 929 3519 tractanti
957 3493 1025 3502 —
1062 3460 1307 3518 eoesistit·

144 3535 256 3590 illa
308 3533 548 3603 comitio
596 3533 1032 3603 aufgenommen
1076 3532 1278 3589 werde.

144 3605 266 3661 Das
314 3603 509 3659 wiirde
554 3603 646 3660 ein
690 3604 1023 3660 Anakoluth
1068 3603 1281 3659 darsel-

137 3677 258 3732 ben
307 3677 412 3731 Art
464 3675 612 3744 sein,
668 3673 774 3729 wie
828 3675 907 3729 [V
944 3681 1040 3744 35,
1080 3680 1147 3731 75
1203 3679 1283 3731 eat

138 3747 396 3818 profecto
439 3749 601 3802 nulla
649 3747 1030 3814 vehementior,
1083 3750 1176 3813 ut,
1229 3747 1282 3801 si

143 3820 266 3874 iam
305 3819 432 3887 ipsa
468 3819 573 3873 illa
607 3834 866 3874 accusare
900 3818 1045 3873 nolis
1082 3846 1150 3858 —
1185 3818 1281 3873 sed

142 3894 215 3945 ut
250 3890 387 3946 haec
413 3891 650 3956 omittaS,
677 3891 1027 3959 perturbatio
1052 3891 1181 3958 ipsa
1208 3919 1277 3929 —

139 3961 317 4029 foeda
358 3976 466 4030 per
516 3976 573 4016 se
620 3966 698 4016 eat
748 3960 888 4016 statt
928 3961 1278 4030 perturbatio

141 4063 214 4077 -
255 4034 349 4088 eit.
424 4031 555 4103 Vgl.
594 4031 645 4086 V
682 4037 769 4100 29,
808 4038 893 4087 82.

218 4108 425 4173 septem
475 4104 620 4171 alia,
672 4102 764 4158 die
801 4102 930 4158 fiinf
961 4103 1071 4158 den
1105 4102 1278 4158 Alten

137 4175 482 4230 bekannten
500 4173 773 4230 Planaten
791 4175 1057 4243 (Merkur,
1068 4174 1277 4244 Venae,

135 4244 603 4372 MagsfflJugiter,
644 4245 869 4316 Saturn)
905 4246 1074 4302 nebat
1094 4244 1277 4301 Sonne

133 4336 220 4373 un
365 4335 439 4373 on
481 4359 494 4373 .

1393 2499 1482 2538 ser
1518 2484 1656 2539 oder
1692 2484 1840 2539 Luft.

1462 2574 1619 2639 muti,
1655 2571 1747 2627 die
1783 2573 1949 2627 bruta
1985 2574 2259 2627 animalia
2293 2573 2372 2626 im
2406 2572 2513 2627 Ge·

1390 2645 1620 2713 geneal-‚z
1657 2660 1725 2697 zu
1762 2643 1871 2698 den
1908 2645 2015 2698 mit
2041 2643 2196 2698 Rede
2233 2644 2515 2713 begabten

1391 2715 1654 2786 (loquens)
1693 2714 2012 2769 Menschen.

1461 2804 1608 2858 ande
1642 2808 1793 2858 terra
1830 2807 1881 2857 et
1913 2804 2116 2873 quibus
2153 2808 2247 2858 cet.
2277 2834 2342 2844 —
2373 2803 2513 2873 ord„

1388 2873 1653 2999 wptffirch
1708 2874 1826 2929 und
1881 2874 2059 2930 durch
2113 2875 2355 2931 welches
2407 2874 2514 2932 Ge-

1388 2961 1496 3000 mc
1563 2989 1576 3002 .

1459 3018 1660 3088 quibus
1696 3048 1762 3056 -
1800 3018 2209 3085 sustineantwr,
2245 3017 2514 3073 wodureh

1388 3105 1448 3143 es
1487 3088 1738 3156 komme,
1787 3087 1909 3143 dass
1956 3089 2055 3144 das
2099 3089 2253 3143 Meet
2298 3089 2356 3143 in
2404 3088 2513 3145 den

1389 3158 1589 3214 Tiefen
1659 3159 1760 3214 der
1821 3159 1971 3214 Erde
2033 3158 2510 3229 zuriiekgehalten

1386 3230 1574 3286 werde
1623 3231 1741 3285 und
1787 3230 1949 3285 nicht
1998 3231 2099 3285 das
2135 3230 2296 3284 Land
2345 3231 2512 3285 iiber-

1386 3300 1541 3370 flute‚
1579 3300 1704 3357 eine
1740 3301 1937 3371 Frage,
1978 3300 2189 3356 welche
2226 3300 2317 3354 die
2355 3300 2512 3356 alten

1386 3372 1769 3442 Philosophen
1840 3372 1957 3427 und
2027 3370 2513 3427 Naturhistoriker

1386 3441 1503 3497 viel
1539 3441 1927 3513 beschaffigte.
1992 3442 2126 3498 Hor.
2157 3459 2242 3512 ep.
2269 3443 2296 3496 I
2327 3449 2410 3511 12,
2442 3448 2509 3498 16

1386 3529 1542 3640 {33⁶⁸
1568 3529 1739 3655 6255
1780 3518 2512 3655 gggssgqurffiwgugfflg

1386 3656 1572 3711 maria
1606 3657 1723 3712 alta
1764 3662 2065 3712 tumescant
2091 3657 2336 3712 obicibus
2375 3673 2509 3725 rup-

1385 3728 1460 3783 tis
1504 3743 1805 3798 rwrsueque
1857 3729 1924 3783 in
1976 3744 2032 3784 se
2072 3729 2200 3796 ipsa
2247 3728 2508 3783 residant.

1387 3829 1456 3838 —
1476 3783 1628 3854 Uber
1667 3799 1776 3854 den
1804 3798 2152 3870 Konjunktiv
2178 3798 2508 3867 Praesentia,

1387 3869 1656 3933 wahl-end
1713 3871 2055 3941 vorausgeht
2108 3874 2277 3924 essent
2362 3886 2403 3924 a.
2462 3888 2506 3925 z.

1383 3940 1465 3995 111
1486 3947 1572 4010 15,
1594 3947 1661 3996 32
1691 3959 1814 3998 cum
1839 3942 2081 3998 venisset.
2130 3939 2257 4010 Vgl.
2279 3910 2330 3993 ἢ
2351 3946 2399 4006 7,
2422 3945 2506 3995 18.

1457 4046 1570 4100 qua
1604 4030 1682 4085 ist
1715 4030 1824 4085 mit
1867 4031 2138 4101 yravitate
2187 4046 2267 4082 zu·
2290 4028 2509 4084 verbin-

1387 4100 1511 4156 den.
1550 4101 1672 4227 Pas
1692 4101 1979 4157 Genauere
1996 4100 2136 4156 fiber
2155 4097 2307 4155 diese
2326 4099 2508 4156 Lehre

1386 4190 1426 4228 s,
1468 4192 1513 4227 z.
1617 4180 1713 4242 17,
1739 4178 1825 4228 40.

1456 4246 1720 4301 rutundo.
1775 4242 1944 4299 Diese
1971 4243 2141 4301 Form
2166 4241 2360 4298 bieten
2385 4241 2510 4297 hier

1385 4314 1492 4372 wie
1547 4316 1574 4370 1
1632 4321 1696 4372 18
1711 4359 1725 4386 ,
1781 4320 1850 4371 42
1941 4314 2035 4372 die
2098 4316 2296 4372 beaten
2347 4312 2506 4371 Hdss.

2011 4405 2082 4460 9*
