2902 4649
227 151 314 214 14
613 167 614 170 ’
1016 149 1093 206 Μ.
1132 149 1377 207 TULLII
1414 149 1800 207 CICERONIS

499 318 737 394 Corque
780 334 978 379 meum
1016 320 1264 394 penitus
1308 322 1609 394 tumescit
1653 321 1929 381 tristibus
1975 323 2104 396 ἑνίε,

478 423 631 467 cum
678 409 901 468 decore
947 413 1134 482 atque
1174 410 1340 468 omni
1381 425 1479 470 me
1523 409 1806 470 orbatum
1852 410 2039 470 laude
2082 411 2401 471 recorder.

139 542 203 593 19
224 531 382 593 Num
427 550 637 592 manus
685 531 914 593 adfecta
960 540 1125 593 recte
1174 539 1292 613 est,
1341 550 1480 593 cum
1524 534 1589 593 in
1635 540 1870 593 tumore
1919 541 2040 614 est,
2086 542 2190 595 aut
2234 551 2378 594 num
2422 532 2591 594 aliud

226 621 543 701 quodpiam
591 618 923 694 membrum
982 619 1276 682 tumidum
1332 639 1401 681 ac
1456 620 1765 699 turgidum
1819 640 1940 682 non
1986 623 2197 683 vitiose
2245 640 2309 682 se
2355 618 2593 683 habet?

226 709 325 770 Sic
371 711 555 788 igitur
600 709 840 771 inflatus
887 717 948 771 et
993 717 1232 770 tumens
1280 711 1514 771 animus
1560 712 1625 770 in
1671 712 1812 772 vitio
1861 719 1971 772 est.
2037 709 2335 791 Sapientis
2380 719 2590 771 autem

224 800 457 859 animus
513 817 750 879 semper
795 807 962 859 vacat
1006 800 1177 879 vitiu,
1233 816 1561 877 numquam
1618 802 1935 881 turgescit,
1994 817 2320 880 numquam
2364 806 2591 879 tumet3

223 897 284 948 at
327 889 518 948 iratus
565 888 799 948 animus
846 889 976 948 eius
1020 888 1185 948 modi
1232 894 1350 948 est:
1398 905 1723 968 numquam
1770 890 1953 967 igitur
2001 890 2237 968 sapiens
2281 889 2587 949 irascitur.

223 975 374 1037 Nam
421 978 470 1036 si
516 978 823 1056 irascitur,
885 978 1063 1037 etiam
1110 978 1497 1056 concupiscit.
1589 976 1908 1057 Proprium
1957 984 2048 1037 est
2070 979 2273 1057 ‘enim
2298 978 2435 1037 irati
2478 993 2591 1037 cu·

224 1083 387 1145 pere,
433 1083 466 1125 a
514 1083 632 1144 quo
678 1064 875 1125 laesus
922 1066 1216 1145 videatur,
1274 1067 1330 1125 ei
1385 1083 1563 1146 quam
1622 1084 1963 1127 maxumum
2010 1061 2278 1126 dolorem
2322 1067 2590 1126 inurere.

227 1152 343 1224 Qui
389 1161 588 1214 autem
634 1153 693 1213 id
743 1155 1143 1235 concupierit,
1201 1171 1339 1214 eum
1387 1171 1635 1215 necesse
1683 1163 1800 1236 est,
1857 1157 1908 1215 si
1963 1154 2024 1215 id
2082 1162 2441 1216 consecutus
2486 1156 2592 1234 sit,

223 1260 438 1321 magno
494 1259 675 1321 opere
740 1241 962 1302 laetari.
1052 1242 1141 1302 Ex
1200 1260 1319 1322 quo
1374 1243 1441 1304 fit
1496 1250 1565 1304 ut
1621 1243 1811 1304 alieno
1870 1242 2023 1304 malo
2082 1242 2362 1325 gaudeat3
2421 1241 2591 1321 quod

226 1332 506 1410 quoniam
567 1347 687 1390 nen
747 1329 905 1392 cadit
962 1332 1025 1391 in
1088 1334 1445 1413 sapientem,
1505 1350 1581 1392 ne
1643 1342 1711 1393 ut
1763 1334 2055 1393 irascatur
2113 1331 2354 1411 quidem
2408 1331 2591 1392 cadit.

227 1418 332 1479 Sin
391 1426 589 1479 autem
646 1419 886 1479 caderet
939 1422 1001 1480 in
1049 1423 1378 1499 sapientem
1425 1421 1736 1499 aegritudo
1746 1469 1764 1502 ,
1820 1421 2063 1482 caderet
2117 1422 2294 1481 etiam
2350 1422 2591 1481 iracun-

136 1519 204 1567 20
224 1506 346 1568 dia:
403 1525 519 1586 qua
577 1510 855 1587 quoniam
901 1516 1094 1588 vacat,
1148 1509 1522 1587 aegritudine
1583 1512 1760 1570 etiam
1804 1509 2054 1571 vacabit.
2104 1542 2181 1552 —
2230 1508 2485 1589 Etenim,
2537 1510 2593 1569 si

228 1595 464 1676 sapiens
509 1599 572 1656 in
619 1597 1052 1676 aegritudinem
1101 1597 1365 1659 incidere
1411 1606 1634 1680 posset,
1678 1607 1882 1678 posset
1928 1600 2105 1659 etiam
2150 1600 2213 1658 in
2249 1599 2593 1658 misericor·

226 1685 412 1767 diam,
468 1695 672 1764 posset
724 1687 788 1745 in
841 1685 1243 1747 invidentiam.
1334 1685 1469 1747 Non
1528 1687 1651 1747 dixi
1708 1686 2014 1769 invidiam,
2076 1704 2226 1767 quae
2290 1696 2415 1747 tum
2476 1694 2595 1767 est,

227 1791 365 1834 cum
409 1774 738 1855 invidetur;
784 1773 857 1834 ab
903 1775 1220 1836 invidendo
1268 1783 1468 1846 autem
1515 1776 1838 1836 invidentia
1885 1785 2049 1837 recte
2097 1775 2216 1836 dici
2260 1783 2476 1857 potest,
2514 1782 2591 1835 ut

228 1863 577 1940 effugiamus
624 1861 966 1942 ambiguum
1013 1882 1232 1925 nomen
1278 1864 1561 1945 invidiae,
1618 1864 1777 1944 quod
1826 1864 2074 1925 verbum
2121 1863 2366 1925 ductum
2414 1871 2506 1924 est
2556 1879 2593 1922 a

226 1949 403 2011 nimis
449 1949 1085 2024 intuendefortunam
1132 1951 1396 2032 alteriuS‚
1441 1960 1512 2014 ut
1558 1961 1650 2013 est
1694 1955 1758 2013 in
1802 1952 2157 2034 Melanipp0,

696 2073 985 2148 Quisnam
1023 2079 1243 2150 florem
1287 2075 1547 2139 liberum
1593 2075 1812 2139 invidit
1853 2080 2095 2138 meum?

292 2332 502 2388 corque.
577 2316 641 2370 Il.
680 2315 759 2370 IX
798 2322 902 2372 646
930 2316 969 2371 f.

222 2399 363 2459 ἄλλά
422 2422 517 2475 μοι
574 2401 867 2460 οἰδάνεται
922 2407 1126 2474 κραδίη
1181 2401 1345 2478 χόλῳ,

793 2469 1005 2531 ὄπωπ’
1048 2473 1285 2531 ἐκείνων

222 2542 537 2618 μνήσομαι,
583 2542 659 2610 ὥς
695 2542 757 2618 μ’
798 2542 1095 2615 ἀσύφηλον
1142 2544 1206 2603 ἐν
1237 2543 1345 2618 Ἀρ-

577 2686 584 2691 ,
695 2656 706 2662 -
789 2620 1027 2688 γείοισιν
1067 2614 1275 2689 ἔρεξεν.

295 2711 378 2763 19.
417 2708 482 2762 in
517 2709 652 2763 vitio
690 2713 766 2764 est
801 2732 869 2755 =
907 2709 1139 2764 vitiosus
1174 2715 1264 2765 est.

291 2796 400 2851 Sin
420 2801 603 2852 autem
621 2799 726 2852 cet.
765 2796 862 2852 Bis
880 2797 1107 2852 hierher
1124 2799 1345 2855 scheint

221 2867 321 2922 der
348 2867 562 2922 Beweis
592 2868 690 2922 des
714 2865 1015 2938 Dionysius
1044 2888 1115 2924 zu
1141 2870 1343 2939 gehen.

219 2938 334 2992 Der
359 2936 626 3007 folgende
655 2937 1075 2994 unvermittelte
1101 2939 1344 3009 Schlufs,

219 3008 343 3062 dass
381 3009 479 3063 der
505 3009 713 3079 Weise,
749 3026 915 3064 wenn
952 3027 1012 3064 er
1045 3010 1206 3067 nicht
1233 3029 1344 3067 von

219 3080 363 3133 Zorn
408 3077 514 3134 frei
561 3079 668 3149 sei,
727 3081 872 3135 auch
903 3098 1029 3151 ¹von
1073 3082 1344 3137 Kummer

216 3149 379 3204 nicht
413 3149 518 3205 frei
547 3151 667 3205 sein
695 3152 903 3219 winde,
941 3152 1162 3207 scheint
1190 3151 1342 3208 Cice-

216 3239 309 3278 ros
348 3221 557 3276 Zuthat
592 3239 661 3276 zu
697 3222 831 3277 sein.
887 3224 977 3276 sin
1014 3223 1168 3277 steht
1201 3223 1342 3295 hier,

219 3293 365 3348 ohne
402 3291 525 3347 dass
563 3291 688 3347 eine
725 3293 1086 3364 Bedingung,
1138 3313 1207 3348 zu
1243 3294 1343 3350 der

218 3381 277 3419 es
334 3365 444 3419 den
495 3363 807 3434 Gegensatz
830 3424 834 3428 ,
860 3365 1067 3433 bildet,
1114 3381 1341 3420 vorans-

217 3434 380 3505 geht,
406 3452 460 3495 s.
500 3454 545 3488 z.
583 3436 610 3488 I
647 3441 677 3500 ς
709 3441 826 3490 119.
888 3437 983 3490 sin
1017 3437 1343 3505 reflantibus

218 3507 288 3560 de
345 3504 435 3560 off.
483 3505 564 3559 III
614 3511 697 3573 13,
744 3512 811 3561 55
876 3509 967 3562 sin
1021 3513 1203 3564 autem
1257 3509 1341 3564 di-

217 3581 364 3631 ctum
397 3592 513 3630 non
548 3592 702 3630 omne
728 3580 1131 3647 praestandum
1167 3585 1259 3636 est.

290 3668 376 3719 20.
423 3663 650 3718 Etenim
684 3663 847 3720 leitet
880 3665 1003 3721 hier
1036 3667 1200 3721 nicht
1234 3666 1344 3722 den

216 3733 434 3790 Beweis
471 3734 570 3789 des
607 3735 749 3791 eben
783 3739 1072 3807 gesagiaen,
1102 3738 1343 3794 sondern

218 3805 383 3862 einen
417 3804 755 3860 Fortschritt
797 3807 858 3861 in
904 3808 1002 3863 der
1048 3811 1343 3878 gesamten

216 3875 705 3947 Beweisfiihrung,
763 3878 884 3932 also
942 3878 1107 3933 einen
1157 3897 1343 3935 neuen

216 3948 432 4003 Beweis
504 3947 597 4002 fiir
668 3948 973 4005 denselben
1035 3950 1166 4005 Sat-,z
1229 3951 1336 4009 ein.

216 4019 438 4075 Ebenso
475 4019 554 4073 IV
594 4025 678 4087 17,
715 4026 804 4075 40.

288 4109 354 4162 in
404 4108 851 4164 misericordiam.
923 4108 1029 4162 Die
1084 4109 1339 4166 aursei-en

216 4177 417 4248 Dinge,
428 4179 533 4234 wie
554 4179 772 4249 Amat,
785 4178 1116 4249 Krankheit,
1126 4181 1337 4237 Ehren—

216 4249 519 4320 krfinkung
553 4249 678 4304 sind
705 4250 871 4306 keine
898 4237 1060 4321 Ubel,
1097 4252 1213 4306 und
1240 4253 1339 4308 der

216 4320 409 4377 Weise
447 4319 589 4376 wird
625 4338 820 4391 wegen
857 4321 1084 4393 deenen,
1121 4339 1239 4379 was
1277 4340 1339 4380 er

1454 2317 1545 2371 fiir
1591 2315 1714 2374 sich
1762 2318 1847 2373 als
1894 2317 2028 2373 kein
2062 2306 2209 2375 iibel
2254 2317 2589 2388 anerkennt,

1455 2390 1604 2472 auci}
1622 2389 1829 2444 andere
1857 2389 2016 2473 nicht
2032 2389 2414 2473 bemitleiden,
2433 2391 2589 2447 noch

1453 2462 2231 2603 ἔῗὲἒὲθέζὲςξθὲιέἶξῗὲἓὲἷ
2247 2461 2588 2589 RQ&

1525 2620 1852 2686 invidentia,
1893 2619 2327 2689 εΒιιὶιεωειιοὶιῒῑὲ,
2363 2620 2440 2676 ist
2473 2637 2589 2675 nm.-

1455 2689 1546 2745 ein
1580 2707 1694 2746 von
1730 2690 1843 2747 Cic.
1890 2691 2206 2762 gebildetes
2241 2692 2430 2760 wei-t,
2478 2691 2587 2747 das

1453 2762 1598 2817 auch
1633 2761 1797 2817 nicht
1824 2762 2022 2818 weiter
2057 2764 2119 2818 in
2147 2763 2444 2818 Gebrauch
2479 2779 2589 2832 ge-

1450 2832 1719 2888 kommen
1754 2833 1846 2888 ist.

1523 2920 1664 2973 quae
1688 2909 1806 2958 tum
1831 2909 1936 2959 eet.-
1972 2904 2064 2959 ein
2091 2921 2418 2974 ungenauer
2433 2906 2583 2960 Aus-

1453 2974 1655 3043 druck3
1696 2973 1808 3030 Cic.
1837 2976 2033 3031 wollte
2070 2993 2268 3046 sagene
2310 2975 2584 3032 ‘welches

1453 3046 1627 3100 auch
1664 3046 1774 3100 den
1801 3046 2049 3101 Zustamd
2084 3047 2285 3102 deenen
2318 3045 2584 3102 bezeich-

1448 3119 1572 3184 net,
1622 3117 1722 3173 der
1766 3118 2028 3172 beneidet
2074 3118 2258 3172 witd'.
2334 3117 2461 3189 Vgl.
2496 3119 2586 3174 IV

1454 3193 1504 3258 7,
1546 3193 1629 3242 16.

1526 3259 1873 3329 Melanippa.
1935 3260 2049 3314 Der
2084 3259 2228 3315 Vere
2264 3260 2446 3315 lautet
2479 3261 2582 3316 bei

1449 3329 1596 3384 Non.
1637 3335 1759 3399 500,
1799 3336 1865 3385 13
1920 3331 2067 3386 unde
2121 3336 2223 3386 aut
2266 3333 2392 3401 quis
2433 3346 2582 3386 mer-

1449 3401 1582 3455 talis
1625 3403 1811 3469 florem
1858 3403 2088 3457 liberum
2134 3403 2341 3458 invidit
2383 3419 2584 3471 meum,

1450 3488 1669 3526 woraue
1705 3472 1962 3528 Ribbeck
1997 3475 2067 3528 tr.
2104 3474 2228 3529 Lat
2266 3473 2366 3528 rel.
2396 3492 2451 3543 p.
2471 3479 2584 3529 190

1448 3541 1551 3596 ihn
1596 3559 1659 3598 so
1704 3543 2040 3614 hergestellt
2082 3545 2211 3600 hat:
2259 3546 2407 3600 unde
2449 3546 2585 3615 quas

1451 3630 1568 3668 ‘non
1609 3616 1860 3687 mortaflis
1893 3645 1966 3656 —
2001 3632 2190 3671 meum.
2265 3603 2419 3671 Uber
2462 3614 2584 3671 den

1451 3685 1645 3740 Inhalt
1670 3685 1769 3740 des
1791 3686 2026 3743 Sttickee
2054 3688 2208 3743 steht
2230 3686 2420 3757 wenig
2445 3686 2580 3743 feet.

1449 3755 1809 3826 Melanippus
1842 3757 1921 3812 ist
1957 3758 2058 3813 der
2083 3758 2302 3812 Bruder
2337 3757 2436 3812 dee
2463 3757 2581 3825 Ty-

1450 3826 1612 3896 deus,
1669 3827 1776 3882 den
1834 3827 2016 3884 dieser
2064 3829 2443 3885 unversehens
2484 3845 2579 3883 er-

1450 3898 1651 3968 sehlug
1677 3898 1890 3966 (Sehol,
1919 3919 1963 3956 z.
1993 3900 2136 3955 Stat.
2167 3899 2397 3955 Thou-1
2424 3901 2577 3969 402).

1447 3969 1937 4025 Wahrscheinlieh
1955 3988 2075 4026 war
2104 3971 2288 4026 demit
2313 3971 2406 4025 die
2423 3969 2579 4041 Sego

1446 4040 1789 4112 yerbunden‚
1807 4042 1915 4096 wie
1935 4043 2159 4111 Tydeus
2188 4042 2382 4097 seinen
2397 4040 2582 4097 Vater

1449 4100 1664 4180 Oneus,
1722 4111 1823 4167 der
1876 4113 2056 4168 durch
2103 4113 2195 4168 die
2239 4113 2427 4168 Sehne
2468 4111 2577 4168 dee

1445 4182 1653 4253 Agrius
1690 4183 1789 4237 der
1815 4184 2148 4240 Herrechaft
2179 4185 2419 4239 beraubt
2450 4185 2579 4238 und

1445 4254 1844 4324 eingekerkert
1878 4273 2021 4326 war,
2066 4255 2303 4312 befreite
2347 4255 2462 4310 und
2504 4254 2580 4311 in

1444 4324 1538 4380 die
1575 4325 1905 4382 Heri-sebast
1936 4328 2144 4384 wieder
2181 4326 2467 4383 einsetzhe.
