2902 4649
584 134 1188 194 TUSCULANARUM
1225 134 1834 193 DISPUTATIONUM
1871 137 1938 192 V.
1980 141 2208 194 77—-82,

213 301 459 382 loquor:
516 301 657 382 quid
712 299 985 365 hestiae?
1071 302 1210 366 Non
1262 304 1453 383 frigus
1462 352 1481 385 ,
1544 322 1664 365 non
1720 304 1964 385 famem,
2027 322 2149 365 non
2203 306 2573 384 montivagos
2596 321 2666 370 79

2447 136 2574 202 137

214 401 394 470 atque
456 391 761 453 silvestres
830 409 1047 456 cursus
1105 393 1613 472 lustrationesque
1682 389 2036 473 patiuntur?
2099 411 2220 478 non
2283 412 2394 474 pro
2460 412 2570 456 suo

213 488 393 560 partu
439 482 521 541 ita
566 490 972 563 propugnant,
1019 490 1088 543 ut
1131 479 1375 544 volnera
1421 483 1744 562 excipiant,
1789 481 1985 544 nullos
2030 484 2318 565 impetus,
2373 482 2572 544 nullos

212 570 372 631 ictus
420 566 854 632 reformident?
944 570 1167 632 Omitto
1225 589 1378 650 quae
1433 570 1741 651 perferant
1786 588 2058 650 quaeque
2103 574 2405 653 patiantur
2451 590 2572 633 am-

212 656 417 722 bitiosi
461 658 708 720 honoris
754 675 960 742 causa,
1013 659 1204 722 laudis
1252 658 1505 721 studiosi
1551 658 1773 739 gloriae
1821 662 2035 743 gratia,
2091 678 2293 726 amore
2340 662 2573 724 incensi

216 746 586 827 cupiditatis:
631 747 805 827 plena
853 751 970 810 vita
1016 747 1423 829 exemplorum
1472 756 1582 810 est.

396 835 515 897 Sed
573 836 850 898 adhibeat
908 840 1096 899 oratio
1163 838 1405 900 modum
1470 846 1532 899 et
1589 838 1796 900 redeat
1854 837 2025 919 illuc,

2088 838 2248 902 unde
2310 838 2568 900 deflexit.
2590 879 2662 930 80

213 923 407 1005 Dabit,
452 926 712 1005 inquam,
759 945 825 987 se
869 929 934 988 in
979 934 1275 988 tormenta
1320 929 1438 989 vita
1483 926 1672 1009 beata,
1719 945 1831 989 nec
1878 930 2182 1009 iustitiam,
2224 936 2566 1008 temperan-

211 1015 357 1075 tiam
410 1016 475 1074 in
530 1016 860 1094 primisque
915 1015 1354 1097 fortitudinem,
1417 1015 1885 1095 magnitudinem
1952 1019 2159 1098 animi,
2223 1018 2572 1096 patientiam

212 1110 552 1184 prosecuta,
600 1122 736 1165 cum
783 1106 1028 1165 tortoris
1075 1123 1143 1164 os
1189 1104 1421 1185 viderit,
1468 1106 1759 1186 consistet
1802 1104 2247 1185 virtutibusque
2293 1104 2575 1167 omnihus

215 1193 346 1253 sine
394 1191 514 1253 ullo
560 1195 744 1256 animi
788 1201 1020 1254 terrore
1066 1194 1138 1255 ad
1186 1196 1519 1255 cruciatum
1566 1195 1851 1273 profectis
1897 1197 2139 1256 resistet
2181 1201 2349 1256 extra
2386 1194 2567 1275 fores,

212 1289 285 1342 ut
330 1290 466 1343 ante
513 1281 652 1362 dixi,
698 1281 999 1361 limenque
1046 1284 1324 1344 carceris,
1417 1282 1574 1354 Quid
1630 1285 1789 1345 enim
1845 1303 1914 1345 ea
1961 1283 2194 1345 foedius
2204 1331 2223 1366 ,
2280 1282 2424 1364 quid
2471 1283 2570 1344 de·

207 1370 466 1431 formius
531 1370 656 1431 sola
721 1371 955 1452 relicta,
1028 1390 1069 1432 a
1133 1374 1419 1434 comitatu
1481 1371 1888 1451 pulcherrimo
1953 1368 2331 1452 segregata?
2398 1370 2570 1443 Quod

213 1466 413 1519 tamen
460 1459 591 1520 fieri
645 1458 808 1521 nullo
863 1467 1036 1539 pacto
1091 1467 1317 1541 potest3
1381 1478 1495 1521 nec
1554 1463 1714 1522 enim
1760 1464 2013 1522 virtutes
2059 1463 2188 1523 sine
2234 1460 2408 1524 beata
2453 1463 2568 1522 vita

215 1545 539 1608 cohaerere
593 1556 849 1628 possunt
903 1566 1015 1609 nec
1068 1547 1165 1610 illa
1221 1551 1351 1612 sine
1396 1548 1736 1612 virtutihus
1827 1549 2033 1629 Itaque
2096 1568 2227 1610 eam
2281 1551 2567 1629 tergiver-
2590 1549 2663 1600 81

215 1637 340 1696 sari
383 1654 503 1696 non
550 1640 750 1699 sinent
797 1655 1122 1717 secumque
1168 1639 1428 1719 rapient,
1489 1639 1563 1699 ad
1609 1656 2047 1719 quemcumque
2095 1641 2258 1718 ipsae
2306 1636 2576 1700 dolorem

217 1726 668 1806 cruciatumque
725 1726 1038 1789 ducentur.
1132 1726 1427 1806 Sapientis
1485 1736 1579 1789 est
1634 1729 1793 1789 enim
1848 1730 2159 1808 proprium
2217 1726 2367 1788 nihil
2415 1726 2577 1807 quod

212 1815 522 1893 paenitere
580 1818 771 1895 possit
825 1817 1049 1897 facere,
1113 1815 1262 1876 nihil
1315 1818 1596 1897 invitum,
1659 1816 1967 1896 splendide
2024 1825 2388 1897 constanter,
2442 1834 2573 1896 gra-

214 1905 369 1964 viter
430 1903 682 1966 honeste
746 1907 970 1986 omnia,
1043 1904 1192 1965 nihil
1253 1907 1336 1965 ita
1398 1914 1748 1986 exspectare
1814 1908 1984 1985 quasi
2053 1915 2220 1969 certo
2286 1906 2578 1986 futurum,

213 1990 364 2052 nihil
419 2012 558 2054 cum
612 1994 898 2056 acciderit
952 1993 1260 2076 admirari,
1324 2002 1393 2055 ut
1445 1996 1818 2074 inopinatum
1882 2012 1951 2055 ac
2011 2011 2233 2055 novum
2286 1994 2574 2055 accidisse

213 2080 515 2163 videatur,
579 2085 776 2144 omnia
841 2082 918 2144 ad
980 2099 1157 2144 suum
1221 2081 1537 2144 arbitrium
1599 2084 1856 2164 referre,
1921 2085 2048 2144 suis
2104 2090 2263 2143 stare
2318 2082 2571 2143 iudiciis,

215 2169 350 2241 Quo
410 2171 554 2251 quid
615 2173 692 2235 sit
749 2172 983 2233 beatius
1040 2170 1188 2232 mihi
1247 2179 1410 2238 certe
1469 2174 1535 2232 in
1594 2179 1856 2232 mentem
1910 2173 2114 2233 venire
2175 2189 2296 2231 non
2354 2179 2572 2250 potest.

217 2259 561 2322 Stoicorum
619 2261 857 2341 quidem
913 2260 1103 2322 facilis
1159 2260 1464 2321 conclusio
1522 2269 1639 2342 est,
1700 2262 1804 2340 qui
1857 2279 1995 2321 cum
2049 2262 2230 2321 finem
2275 2258 2573 2321 bonorum
2592 2260 2668 2310 82

216 2369 354 2412 esse
401 2353 700 2412 senserint
754 2369 1087 2430 congruere
1143 2358 1391 2411 naturae
1447 2367 1705 2429 cumque
1762 2367 1829 2410 ea
1885 2352 2309 2411 convenienter
2355 2351 2575 2431 vivere,

215 2458 359 2503 cum
416 2440 477 2501 id
538 2441 616 2500 sit
673 2441 736 2500 in
797 2441 1081 2519 sapientis
1142 2441 1323 2500 situm
1380 2457 1504 2499 non
1565 2439 1761 2499 officio
1826 2438 2047 2521 solum,
2114 2457 2322 2499 verum
2393 2440 2573 2499 etiam

209 2537 539 2610 potestate,
604 2537 891 2609 sequatur
951 2545 1199 2589 necesse
1261 2535 1352 2589 est
1412 2537 1507 2610 ut,
1572 2529 1746 2588 cuius
1803 2529 1867 2587 in
1922 2535 2214 2607 potestate
2273 2543 2573 2588 summum

213 2617 469 2700 honum,
527 2618 589 2677 in
646 2617 912 2679 eiusdem
956 2619 1076 2678 vita
1128 2615 1301 2683 beata
1358 2618 1454 2678 sit.
1544 2614 1632 2677 lta
1685 2617 1751 2677 fit
1807 2632 2044 2694 semper
2089 2618 2208 2677 vita
2263 2614 2433 2677 beata
2482 2633 2572 2677 sa·

291 2830 377 2882 79.
440 2825 777 2893 montivayos
830 2854 899 2864 —
959 2823 1178 2891 cursus,
1243 2823 1337 2879 ein

212 2895 538 2967 poetischer
589 2895 902 2950 Ausdruck.
977 2895 1081 2950 Bei
1134 2897 1336 2951 lustra-

213 2970 393 3022 tiones
455 2967 673 3023 scheint
729 2966 844 3022 Cic.
895 2983 970 3021 an
1032 2966 1124 3022 dio
1183 2966 1336 3036 jahr-

210 3038 408 3095 lichen
425 3038 862 3107 Wandernngen
889 3038 1153 3107 gewisser
1172 3037 1336 3093 Tiere

214 3109 463 3182 gedacht
498 3127 565 3164 zu
598 3109 801 3164 haben.
835 3160 841 3165 .

289 3180 430 3250 Καρ.
486 3180 588 3236 28.
663 3185 751 3235 80.
788 3181 990 3235 >redeat
1041 3181 1205 3249 alud,
1268 3199 1336 3235 zu

213 3252 347 3307 dem
384 3268 429 3307 c.
469 3257 539 3307 26
576 3252 866 3322 gesagten.
923 3282 933 3291 ·

287 3324 518 3392 inquam
561 3323 714 3377 steht
757 3321 880 3377 hier
936 3321 998 3376 in
1044 3321 1340 3378 derselben

214 3394 407 3449 Weise
460 3393 568 3449 wie
614 3395 640 3448 I
687 3399 783 3461 49,
842 3397 944 3448 119
999 3395 1197 3462 optime
1250 3395 1336 3450 in-

327 3482 409 3532 m,
454 3465 585 3520 weil
630 3464 730 3519 das
776 3464 1040 3519 Resultat
1083 3464 1183 3519 der
1224 3464 1339 3520 bis-

213 3482 341 3592 Ξέξὶ
414 3554 453 3590 ιι
505 3534 938 3606 Untersuchung
993 3551 1337 3591 zusammen·

213 3607 318 3679 ges
371 3608 426 3662 st
458 3607 613 3663 wird.

288 3683 420 3734 ante
454 3679 597 3746 dixi,
635 3695 677 3732 s.
716 3682 767 3747 5,
803 3682 893 3732 13.

288 3767 328 3805 a
373 3751 661 3805 comitatu.-
713 3750 775 3804 in
829 3749 939 3804 den
982 3747 1146 3804 Hdss.
1192 3748 1341 3804 fehlt

214 3839 270 3889 a,
308 3820 446 3876 aber
478 3820 572 3876 bei
607 3822 717 3876 den
761 3820 869 3875 mit
905 3819 1014 3875 den
1049 3820 1342 3875 Partikeln

212 3909 269 3948 se
307 3923 377 3933 —
411 3908 475 3947 re
510 3923 578 3932 —-
606 3893 695 3948 dis
731 3894 1340 3962 zusammengesetzten

211 3963 443 4020 Verben
488 3967 676 4019 setzen
723 3961 837 4019 Cic.
881 3963 997 4018 und
1043 3962 1340 4034 gleichzei-

211 4036 335 4106 tige
394 4035 691 4090 Prosaiker
743 4034 944 4090 immor
996 4033 1338 4105 Prflpositio-

211 4123 345 4174 nen,
383 4105 477 4162 nie
515 4106 624 4162 den
656 4106 879 4162 blossen
912 4104 1158 4160 Ablativ.

241 4236 250 4245 ,
286 4179 582 4233 cohaerere.
639 4177 748 4233 Die
772 4176 819 4231 T
898 4176 1079 4234 enden
1108 4177 1340 4232 wiirden

210 4250 383 4304 unter
433 4248 553 4303 sich
601 4248 808 4305 keinen

209 4319 430 4389 haben,
475 4324 665 4376 waren
711 4321 792 4376 sie
837 4320 997 4377 nicht
1033 4319 1212 4376 durch
1245 4318 1339 4376 die

876 4248 1340 4319 ,usammenhang
1362 4262 1367 4267 ·

1445 2822 1725 2876 beatitudo
1778 2821 2129 2889 verbunden,
2190 2822 2310 2877 und
2364 2822 2575 2878 ebenso

1443 2892 1599 2948 kann
1645 2892 1738 2947 die
1776 2892 2227 2963 Gliickseligkeit
2270 2893 2446 2954 nicht,
2473 2893 2572 2948 be·

1446 2965 1651 3021 stehen
1695 2965 1842 3019 ohne
1891 2963 1984 3019 die
2023 2964 2274 3047 Tugeud.
2352 2966 2432 3019 Zu
2467 2966 2571 3021 illa

1443 3035 1524 3090 ist
1588 3035 1709 3091 also
1773 3036 2052 3091 cohaerere
2121 3053 2184 3090 m
2247 3036 2574 3092 demselben

1445 3105 1617 3232 Sinni?
1640 3125 1723 3232 gp
1768 3111 2067 3178 organon,
2113 3107 2218 3161 wie
2265 3124 2325 3162 es
2361 3107 2443 3161 III
2481 3112 2570 3178 25,

1445 3183 1512 3232 61
1554 3196 1580 3233 s
1610 3194 1639 3233 e
1709 3219 1723 3232 .

1519 3255 1606 3306 81.
1671 3250 1815 3319 quod
1869 3250 2181 3318 paenitere,
2253 3266 2297 3304 s.
2348 3254 2443 3320 18,
2498 3254 2570 3305 53

1444 3320 1592 3376 nvn]
1617 3321 1918 3390 paeniteat.
2043 3373 2047 3377 .

1515 3392 1662 3446 nihil
1698 3421 1766 3431 —
1804 3391 2099 3458 admirari,
2136 3390 2249 3461 vgl.
2270 3390 2353 3445 III
2375 3397 2459 3460 14,
2479 3397 2570 3446 30.

1518 3464 1593 3519 aa
1627 3478 1790 3517 sumn
1826 3492 1894 3501 -
1931 3462 2148 3530 referre,
2185 3463 2237 3519 d.
2258 3462 2295 3519 i.
2333 3462 2434 3516 das
2470 3462 2568 3518 be-

1444 3532 1660 3588 kannte
1695 3533 2034 3588 Horazisohe
2072 3536 2183 3603 (ep.
2212 3534 2239 3587 1
2278 3540 2327 3600 1,
2359 3536 2449 3603 19)
2485 3533 2572 3589 Et

1445 3605 1582 3659 mihi
1616 3620 1729 3672 res,
1781 3620 1898 3661 non
1931 3622 2015 3679 me
2048 3605 2210 3661 rebus
2242 3606 2572 3675 subiwnyere

1447 3690 1631 3731 conor.

1524 3751 1611 3801 82.
1647 3748 1914 3802 senserint
1950 3772 2019 3793 ==
2054 3747 2439 3803 iudicaverint.
2481 3752 2570 3816 31,

1448 3823 1516 3873 88
1554 3818 1621 3873 de
1656 3822 1822 3872 morte
1856 3819 1941 3885 ita
1974 3819 2153 3874 sentit.
2209 3817 2263 3870 II
2291 3824 2341 3886 3,
2372 3823 2402 3871 ’1
2431 3818 2571 3886 quid

1446 3890 1641 3944 dicamt
1676 3893 1725 3944 et
1760 3890 1896 3957 quid
1929 3891 2170 3957 sentiant
2204 3890 2270 3944 ei.

1458 4025 1473 4048 ‹
1518 3975 1813 4048 congruere
1863 3965 2099 4044 naturae
2145 3986 2213 4044 ι.-
2267 3959 2337 4032 τῇ
2396 3955 2571 4042 quiqu

1448 4029 2571 4186 astszzssgfizss.{2zzse.2irffigzt

1446 4173 1566 4228 und
1611 4172 1845 4230 deshalb
1888 4173 2038 4228 steht
2083 4174 2175 4229 die
2213 4173 2568 4244 Gliicksehg-

1445 4245 1569 4300 keit
1622 4245 1681 4300 in
1734 4261 1963 4300 unserer
2017 4244 2253 4302 Grewalt.
2339 4246 2466 4316 Vgl.
2518 4264 2564 4299 z.

1453 4324 1536 4387 16,
1574 4322 1643 4373 48
1679 4316 1808 4373 Iam
1842 4332 1981 4374 vero.

2592 800 2686 867 28
