2902 4649
324 168 409 232 86
1114 166 1190 220 M.
1228 165 1473 220 TULLII
1511 164 1898 268 CICEROIffiIS

324 337 374 396 si
418 337 534 395 iam
582 333 818 395 difficile
867 334 944 394 sit
988 332 1352 413 persuadere
1398 332 1548 393 nihil
1594 350 1798 393 earum
1845 349 2074 413 rerum,
2123 348 2277 409 quae
2314 330 2674 409 perturbent

323 425 609 505 animum,
657 430 759 484 aut
801 424 866 483 in
912 421 1084 483 bonis
1132 429 1236 483 aut
1279 424 1343 482 in
1388 421 1558 483 malis
1606 438 1739 483 esse
1785 419 2151 501 habendum,
2196 427 2396 480 tamen
2443 419 2552 480 alia
2601 419 2673 480 ad

322 512 502 578 alium
549 519 777 573 motum
824 513 1053 572 curatio
1101 512 1180 572 sit
1225 509 1587 591 adhibenda,
1633 510 1861 589 aliaque
1900 511 2155 569 ratione·
2176 507 2521 591 malevoluS‚
2565 508 2683 569 alia

236 613 303 663 66
324 609 576 682 amator,
622 600 733 661 alia
780 618 992 661 rursus
1039 602 1277 682 anxins,
1332 600 1446 660 alia
1502 599 1747 661 timidus
1803 597 2210 678 corrigendus,
2300 597 2494 677 Atque
2552 605 2686 658 erat

322 689 494 751 facile
542 696 893 769 sequentem
954 708 1083 749 eam
1138 691 1460 771 rationem,
1489 707 1668 769 ‚quae
1725 689 1976 760 maxime
2029 685 2321 767 probatur
2376 685 2449 746 de
2508 684 2685 747 bonis

323 787 385 841 et
431 778 624 860 malis,
686 797 904 859 negare
936 784 1235 857 'umquam
1291 777 1516 839 laetitia
1576 776 1749 838 adfici
1808 794 1982 856 posse
2044 777 2452 855 insipientem,
2519 775 2683 854 quod

322 867 472 928 nihil
515 886 798 947 umquam
843 866 1093 929 haberet
1147 867 1315 949 boni3
1381 867 1487 928 sed
1546 866 1849 947 loquimur
1910 883 2071 926 nunc
2129 882 2298 924 more
2361 866 2685 925 communi.

324 956 459 1017 Sint
504 974 644 1017 sane
691 960 805 1018 ista
849 955 1032 1038 hona,
1089 975 1240 1035 quae
1295 963 1611 1037 putantur,
1664 954 1953 1035 honoreS‚
2008 953 2273 1034 divitiae,
2329 952 2683 1033 voluptateS‚

305 1054 549 1106 cetera:
613 1053 812 1107 tamen
866 1047 932 1105 in
988 1047 1074 1106 eis
1127 1047 1275 1125 ipsis
1330 1044 1635 1125 potiundis
1691 1042 1962 1105 exultans
2019 1044 2401 1122 gestiensque
2461 1041 2686 1104 laetitia

322 1136 518 1214 turpis
565 1141 683 1215 est,
728 1143 823 1215 ut,
880 1136 931 1194 si
977 1134 1175 1195 ridere
1223 1153 1577 1195 concessum
1624 1136 1728 1215 sit,
1774 1135 2149 1212 vituperetur
2195 1138 2396 1192 tamen
2441 1131 2679 1192 cachin-

321 1225 501 1296 natio.
592 1222 819 1284 Eodem
876 1225 1035 1283 enim
1089 1224 1229 1283 vitio
1295 1232 1388 1284 est
1449 1224 1678 1283 ecfusio
1743 1224 1923 1282 animi
1985 1223 2047 1282 in
2112 1219 2362 1300 laetitia,
2427 1238 2547 1300 quo
2614 1221 2681 1280 in

323 1311 527 1372 dolore
584 1314 941 1394 contractio,
1006 1311 1330 1392 eademqne
1392 1311 1627 1372 levitate
1685 1310 1977 1391 cupiditas
2043 1317 2135 1370 est
2197 1311 2262 1369 in
2326 1308 2680 1389 adpetendo,

324 1419 442 1479 qua
486 1399 707 1462 laetitia
761 1403 822 1461 in
871 1400 1123 1461 fruendo
1187 1408 1273 1481 et,
1333 1407 1402 1461 nt
1460 1402 1639 1460 nimis
1699 1398 1921 1459 adflicti
1978 1398 2280 1477 molestia,
2347 1400 2433 1458 sic
2498 1399 2678 1459 nimis

325 1487 464 1550 elati
510 1488 730 1549 laetitia
776 1491 908 1550 iure
953 1489 1295 1550 iudicantur
1339 1488 1516 1550 leves,
1608 1487 1684 1549 Et
1749 1506 1887 1549 cum
1948 1487 2216 1548 invidere
2281 1485 2678 1566 aegritudinis

315 1580 429 1659 sit,
482 1577 653 1639 malis
701 1584 899 1639 antem
947 1577 1154 1639 alienis
1199 1578 1562 1658 voluptatem
1609 1595 1822 1658 capere
1869 1576 2157 1658 laetitiae,
2212 1582 2538 1655 utrumque
2594 1577 2686 1636 in-

325 1667 603 1728 manitate
651 1674 712 1735 et
757 1667 992 1729 feritate
1041 1667 1292 1746 quadam
1336 1666 1724 1747 proponenda
1778 1667 2054 1744 castigari
2108 1665 2274 1727 solet.
2366 1665 2561 1744 Atque
2609 1671 2682 1725 ut

326 1774 534 1817 cavere
572 1755 763 1836 decet,
799 1758 1011 1817 timere
1050 1773 1171 1815 non
1208 1756 1397 1836 decet,
1437 1758 1524 1816 sic
1560 1754 1819 1835 gaudere
1858 1754 2048 1834 decet,
2085 1754 2293 1815 laetari
2329 1773 2450 1815 non
2489 1753 2683 1833 decet,

236 1858 303 1908 67
323 1846 601 1924 quoniam
649 1843 904 1905 docendi
952 1862 1130 1906 causa
1175 1863 1208 1904 a
1255 1844 1470 1923 gaudio
1518 1843 1797 1906 laetitiam
1847 1844 2286 1922 distinguimus,
2360 1842 2512 1904 Illud
2562 1844 2686 1903 iam

324 1950 505 2013 supra
568 1932 824 1994 diximus
833 1982 851 2014 ,
920 1935 1391 1994 contractionem
1456 1935 1636 1993 animi
1700 1940 1866 1993 recte
1923 1932 2057 1992 fieri
2110 1949 2434 2009 numquam
2487 1950 2686 2012 posse,

324 2021 640 2083 elationem
685 2041 881 2103 posse.
973 2022 1158 2083 Aliter
1207 2024 1368 2083 enim
1413 2021 1747 2083 Naevianus
1793 2020 1892 2081 ille
1942 2019 2161 2099 gaudet
2207 2019 2457 2080 Hector:

399 2119 639 2190 'Lae'tus
683 2146 815 2189 sum
860 2127 1117 2190 lauddri
1158 2146 1252 2190 me
1303 2130 1412 2189 abs
1460 2134 1546 2203 te,
1587 2126 1799 2206 pdter,
1847 2146 1887 2187 a
1935 2127 2187 2189 laudato
2233 2130 2393 2201 viro,
2505 2143 2508 2148 ·

327 2235 497 2297 aliter
541 2235 640 2295 ille
689 2235 844 2315 apud
891 2235 1209 2296 Trabeam:

328 2424 705 2496 gleichgiiltig
752 2443 817 2478 zu
870 2424 1139 2480 erweisen
1194 2424 1322 2492 hat,
1377 2425 1456 2478 ist
1562 2424 1747 2478 haben
1780 2423 2075 2490 confidere,
2112 2421 2214 2477 das
2243 2421 2379 2477 aber
2404 2439 2473 2476 zu
2498 2423 2688 2476 timere

327 2497 422 2563 bei
459 2496 674 2551 Giitern
709 2495 825 2551 und
861 2484 1044 2549 Ubeln
1083 2493 1183 2549 der
1208 2495 1351 2561 Fan,
1390 2512 1451 2550 so
1559 2494 1720 2549 nicht
1753 2493 1814 2547 in
1851 2494 1981 2548 dem
2017 2493 2330 2562 Gegensatz
2368 2493 2537 2561 steht,
2574 2492 2692 2547 den

328 2567 450 2623 dass
485 2583 618 2622 man
646 2566 802 2622 diese
828 2566 1194 2636 Bernhigung
1221 2566 1316 2621 bei
1343 2566 1453 2620 den
1560 2565 1684 2620 hier
1730 2564 1829 2619 der
1876 2564 2365 2634 Znsammenhang
2415 2563 2532 2618 und
2586 2563 2693 2618 der

325 2639 764 2695 verschiedenen
820 2636 1293 2692 Leidenschaften
1355 2636 1459 2692 anf
1561 2635 1932 2693 Unterschied
1967 2635 2246 2693 zwischen
2281 2636 2543 2704 qaudere,
2589 2651 2690 2704 ge-

326 2709 785 2767 verschiedenem
820 2709 999 2780 Wege
1047 2726 1114 2762 zn
1162 2707 1454 2763 erreichen
1560 2706 1854 2776 marsigter
1873 2706 2106 2774 Frende,
2133 2706 2251 2760 nnd
2279 2708 2493 2772 laetari,
2512 2705 2691 2760 mass·

328 2782 539 2836 suchen
572 2779 746 2850 muse,
782 2797 947 2834 wenn
975 2796 1035 2834 68
1063 2779 1208 2834 anch
1239 2780 1454 2834 schwer
1559 2778 1707 2834 loser
1720 2778 1952 2846 Frende,
1971 2777 2203 2832 fordert.
2231 2775 2338 2830 Die
2358 2777 2458 2831 der
2474 2777 2692 2832 Furcht

326 2853 429 2921 ist,
477 2850 569 2906 die
606 2850 909 2907 Menschen
955 2867 1065 2905 von
1113 2851 1243 2905 dem
1288 2850 1453 2906 volli-

240 2962 246 2969 ·⁷
328 2940 440 2993 gen
483 2922 714 2976 Unwert
760 2923 859 2976 der
903 2920 1087 2990 Dinge
1142 2921 1223 2975 im
1275 2921 1450 2991 auge-

328 2991 582 3061 meinen,
634 2990 726 3047 die
764 2993 846 3046 sie
883 2992 969 3047 als
1006 2995 1109 3062 gut
1152 2988 1268 3047 nnd'
1315 2992 1453 3047 bose

330 3064 605 3132 ansehen,
643 3082 710 3117 zn
746 3063 1115 3132 fiberzengen.

406 3141 490 3191 66.
534 3151 652 3188 eam
706 3135 1001 3203 rationem,
1054 3133 1304 3188 nssmlich
1361 3132 1450 3188 die

331 3207 431 3261 der
478 3205 727 3274 Stoiker,
787 3205 1002 3260 welche
1047 3203 1298 3272 lehrten,
1350 3204 1450 3258 das

333 3277 548 3346 einzige
585 3276 699 3332 Gnt
734 3276 816 3331 sei
862 3276 954 3331 die
991 3275 1250 3346 Tngend‚
1300 3275 1450 3329 diese

327 3351 517 3405 kenne
540 3349 638 3403 der
650 3348 839 3403 Weise
860 3346 1035 3403 allein
1052 3347 1317 3415 besitzen,
1335 3347 1451 3400 und

331 3437 392 3475 er
421 3420 570 3474 habe
602 3419 837 3475 deshalb
870 3418 1016 3474 anch
1050 3418 1223 3474 allein
1258 3416 1451 3472 Grnnd

330 3508 427 3545 zur
455 3491 687 3545 Frende.

402 3561 613 3616 Eodem
647 3562 784 3616 vitio
820 3567 925 3627 est,
965 3561 1065 3615 ‘ist
1101 3561 1304 3616 ebenso
1330 3559 1448 3614 feh-

330 3631 583 3687 lerhaft’.
656 3632 772 3685 Das
819 3632 1206 3701 gewohnliche
1260 3631 1340 3686 186
1388 3631 1454 3685 in

329 3704 468 3758 vitio
504 3707 581 3756 est
614 3703 695 3756 III
731 3708 761 3768 ἓ
801 3709 883 3756 19.
957 3702 1036 3757 IV
1072 3709 1103 3767 ξ
1143 3709 1225 3759 17.

403 3779 468 3829 ut
519 3773 686 3827 nimis
737 3773 953 3842 adflicti
1001 3775 1133 3841 cet.;
1189 3774 1258 3828 de
1298 3771 1389 3829 off.
1426 3773 1454 3827 I

333 3852 421 3915 26,
459 3850 529 3899 90
572 3849 639 3899 ut
684 3845 942 3898 adversas
987 3860 1097 3910 res,
1141 3844 1223 3899 sic
1266 3860 1454 3899 secma-

332 3919 436 3973 clas
470 3916 817 3972 immoderate
850 3916 994 3981 ferre
1030 3916 1267 3970 levitatis
1303 3921 1395 3970 est.

403 3989 566 4042 malis
604 4017 673 4027 —
709 4003 929 4055 capere,
983 3986 1035 4041 d.
1084 3986 1121 4041 i.
1172 3982 1453 4057 ἐπιχαιρε-

334 4059 534 4125 κακία,
572 4077 613 4112 8.
653 4064 711 4126 9,
748 4063 832 4112 20.

405 4130 732 4184 inmanitate
762 4161 827 4169 —-
846 4129 1239 4199 proponenda,
1278 4128 1454 4183 durch

336 4200 645 4282 Vqrhalten
682 4199 780 4254 der
816 4200 977 4255 darin
1010 4199 1309 4270 liegenden
1341 4199 1455 4254 Ro·

333 4272 605 4399 hegivere.
679 4340 783 4396 Die
811 4341 975 4397 Educ.
1003 4360 1057 4398 u.
1087 4343 1229 4398 Non.
1259 4360 1314 4412 p.
1344 4346 1451 4396 444

1562 2867 1660 2903 znr
1697 2848 1849 2903 Seite
1888 2849 2157 2904 stehende
2192 2849 2549 2918 vernfinffige
2575 2847 2692 2903 Re-

1563 2938 1720 2991 gnng
1753 2923 1930 2975 nennt
1967 2918 2078 2975 Cic.
2120 2926 2171 2989 6,
2214 2926 2279 2973 13
2318 2921 2515 2975 cautio.

1631 3010 1893 3079 quoniam
1920 3009 2150 3064 docendi
2177 3024 2377 3075 eausa,
2407 3007 2530 3061 ‘der
2555 3006 2688 3077 phi-

1559 3079 1959 3150 losophischen
1982 3079 2417 3148 Untersnchnng
2442 3079 2689 3134 halber'.

1559 3150 1755 3205 Damit
1788 3151 2117 3207 bezeichnet
2152 3149 2265 3205 Cic.
2304 3149 2482 3204 selbst
2528 3149 2685 3205 diese

1562 3221 1883 3291 Scheidung
1918 3223 2002 3276 als
2039 3221 2163 3276 eine
2202 3219 2551 3275 willkfirlich
2586 3237 2690 3291 ge·

1562 3295 1751 3348 setzte.
1825 3293 1974 3348 Eher
2026 3293 2241 3348 k6nnte
2297 3309 2432 3346 man
2492 3307 2689 3362 Sagen,

1562 3364 1684 3419 dass
1719 3366 1958 3434 paudere
1993 3364 2261 3418 bedentet
2297 3362 2536 3417 ‘Frende
2565 3379 2687 3417 em-

1559 3435 1830 3505 pfinden’,
1867 3436 2067 3509 laetari
2106 3434 2345 3489 ‘Frende
2383 3433 2652 3489 aussern'.

1633 3529 1719 3579 67.
1757 3541 1958 3594 supra,
1996 3541 2039 3579 8.
2078 3530 2109 3589 ἓ
2152 3530 2234 3578 14.

1631 3613 1973 3668 Naevium.
2067 3612 2166 3668 Cn.
2229 3611 2444 3666 Navius
2520 3613 2687 3668 hatte

1562 3684 1738 3739 selbst
1782 3684 1864 3738 im
1909 3687 2091 3740 ersten
2125 3683 2440 3753 punischen
2474 3682 2690 3754 Kriege

1560 3755 1668 3810 mit
1742 3755 2000 3825 ekiimpflz
2034 3755 2149 3810 und
2187 3754 2342 3809 starb
2390 3757 2580 3825 apator
2626 3758 2695 3810 in

1561 3827 1664 3881 der
1753 3827 2080 3896 erbannnng
2126 3825 2186 3880 in
2227 3824 2413 3881 Utica.
2485 3825 2694 3882 Ausser

1562 3897 1776 3953 seinem
1811 3897 2257 3953 bedentendshen
2275 3897 2515 3967 Werke‚
2552 3897 2690 3952 dem

1562 3970 1757 4024 bellum
1799 3969 2091 4037 pumicum,
2144 3984 2333 4022 waren
2376 3967 2688 4024 besonders

1566 4039 1716 4094 aeine
1754 4038 2069 4095 Komodien
2103 4037 2358 4108 gefeiert.
2433 4038 2548 4094 Der
2580 4056 2685 4094 an-

1529 4109 1672 4181 'gefi
1730 4110 1872 4167 Vers
1934 4111 2012 4165 ist
2073 4126 2173 4164 ans
2237 4110 2336 4164 der
2400 4110 2688 4181 Tragodie

1559 4182 1766 4238 Hector
1799 4182 2164 4252 proficiscens.
2764 4234 2767 4239 ,

1634 4272 1696 4342 Q.
1742 4271 1984 4339 Trabea,
2030 4291 2071 4328 8.
2114 4277 2206 4340 15,
2245 4275 2330 4324 35.
2405 4271 2511 4327 Die
2555 4270 2692 4326 hier

1559 4343 1893 4413 angefiihrte
1949 4343 2124 4400 stelle
2180 4343 2258 4398 ist
2310 4341 2412 4398 das
2465 4342 2688 4413 einzige
