2902 4649
299 130 391 196 34
869 101 876 110 ’
1089 122 1185 186 M:
1205 130 1451 186 TULLII
1488 129 1871 186 010011οΜ5

300 317 435 361 esse
496 300 669 381 dicit,
728 299 886 378 quod
946 297 1236 378 inglorius
1296 299 1376 359 sit
1429 306 1608 377 atque
1666 297 1941 377 ignobilis
1988 298 2060 359 ad
2108 316 2456 378 supremum
2502 300 2665 361 diem

210 399 280 450 58
304 397 722 468 perventurus
817 388 1104 449 Similiter
1159 385 1694 448 commemorandis
1753 387 2039 468 exemplis
2085 386 2373 450 orbitates
2419 407 2664 468 quoque

299 476 557 538 liberum
603 477 1026 557 praedicantur
1070 494 1418 557 eorumque,
1466 478 1570 556 qui
1615 478 1852 555 gravius
1898 476 2119 557 ferunt,
2163 475 2362 538 luctus
2408 477 2665 539 aliorum

299 565 587 647 exemplis
655 565 979 627 leniuntur.
1065 564 1173 626 Sic
1237 567 1549 645 perpessio
1613 573 1953 634 ceterorum
2014 566 2155 626 facit
2211 574 2282 627 ut
2345 585 2441 647 ea,
2508 585 2662 646 quae

299 655 653 737 acciderint,
718 655 905 717 multo
961 657 1191 715 minora
1248 673 1428 734 quam
1493 661 1711 734 quanta
1767 656 1887 716 sint
1941 656 2274 715 existimata
2329 655 2667 717 videantur.

295 743 385 805 Ita
421 744 505 826 fit,
552 746 774 806 sensim
812 743 1212 824 cogitantibus
1249 751 1317 805 ut
1354 750 1646 822 quantum
1683 745 1762 804 sit
1798 745 2082 805 ementita
2119 745 2319 823 opinio
2357 743 2661 824 adpareat.

296 833 491 913 Atque
538 833 652 895 hoc
698 833 858 894 idem
905 842 966 895 et
1011 832 1252 893 Telamo
1298 831 1398 893 ille
1441 831 1723 915 declarat,

723 934 859 1032 qu
906 974 1044 1018 cum
1085 961 1280 1032 qenai
1324 1003 1337 1017 .
1384 1002 1399 1017 .

298 1057 361 1108 et
405 1046 701 1108 Theseus:

724 1151 995 1215 Fitttiras
1041 1169 1272 1214 mecum
1320 1152 1778 1214 commentabar
1823 1149 2120 1226 miserias,

298 1267 358 1321 et
405 1260 808 1339 Anaxagoras:
858 1255 1155 1320 ‘Sciebam
1200 1277 1296 1318 me
1343 1260 1623 1338 genuisse
1672 1252 2023 1319 mortalem?
2116 1257 2189 1317 Hi
2240 1260 2399 1319 enim
2446 1277 2665 1321 omnes

298 1349 403 1411 diu
450 1351 778 1429 cogitantes
826 1348 898 1409 de
947 1347 1130 1409 rebus
1173 1347 1450 1408 humanis
1506 1347 1931 1426 intellegebant
1976 1366 2075 1408 eas
2120 1366 2497 1427 nequaquam
2543 1367 2661 1429 pro

297 1440 577 1520 opinione
623 1436 781 1517 volgi
828 1454 959 1498 esse
1017 1436 1505 1497 extimescendas,
1597 1435 1675 1497 Et
1728 1436 1872 1497 mihi
1931 1436 2171 1515 quidem
2217 1436 2451 1497 videtur
2496 1436 2662 1498 idem

298 1528 425 1589 fere
473 1526 742 1587 accidere
798 1528 898 1605 iis,
954 1528 1056 1605 qui
1112 1533 1247 1586 ante
1295 1525 1684 1607 meditantur,
1743 1523 1902 1604 quod
1957 1527 2058 1605 iis,
2115 1525 2333 1604 quibus
2378 1525 2661 1587 medetur

297 1616 454 1697 dieS,
511 1617 628 1678 nisi
676 1615 833 1694 quod
891 1617 1042 1675 ratio
1092 1614 1377 1694 quaedam
1426 1623 1593 1675 sanat
1634 1613 1795 1694 illos,
1848 1613 1959 1674 hos
2014 1616 2142 1693 ipsa
2188 1621 2426 1694 n‘atura,
2480 1616 2659 1676 intel—

295 1705 451 1766 lecto
500 1724 588 1786 eo,
638 1704 796 1784 quod
843 1723 974 1765 rem
1021 1706 1303 1785 continet,
1349 1702 1495 1763 illud
1543 1703 1788 1784 malum,
1838 1703 1994 1782 quod
2043 1705 2348 1782 opinatum
2397 1705 2475 1764 sit
2521 1722 2661 1764 esse

295 1811 666 1876 maxumum,
720 1811 1095 1872 nequaquam
1143 1810 1275 1853 esse
1322 1800 1582 1875 tantum,
1635 1799 1704 1853 ut
1748 1794 1926 1852 vitam
1972 1791 2205 1852 beatam
2250 1795 2442 1871 possit
2487 1811 2658 1853 ever-

205 1897 274 1947 59
297 1892 444 1944 tere.
536 1880 663 1944 Hoc
709 1885 890 1962 igitur
938 1882 1222 1963 efficitur,
1279 1889 1345 1942 ut
1401 1900 1474 1941 ex
1532 1880 1632 1941 1110
1689 1883 2042 1960 necopinato
2097 1880 2264 1959 plaga
2322 1883 2513 1941 maior
2557 1883 2663 1962 sit,

295 1990 434 2053 non,
480 1978 548 2032 ut
585 1970 669 2033 illi
713 1978 944 2052 putant,
992 1977 1077 2052 ut,
1123 1988 1259 2031 cum
1300 1969 1535 2032 duobus
1571 1988 1746 2050 pares
1785 1987 1959 2030 casus
1997 1971 2322 2049 evenerint,
2371 1972 2424 2030 is
2470 1970 2651 2031 modo

295 2060 667 2139 aegritudine
723 2059 1058 2141 adficiatur,
1125 2061 1223 2120 cui
1277 2058 1375 2119 ille
1433 2061 1785 2139 necopinato
1842 2076 2015 2120 casus
2070 2061 2353 2118 evenerit.
2443 2057 2656 2138 Itaque

295 2149 579 2211 dicuntur
635 2148 959 2210 nonnulli
1012 2150 1076 2208 in
1131 2165 1428 2230 maerore,
1496 2166 1631 2208 cum
1691 2147 1764 2208 de
1818 2146 1930 2208 hac
1987 2149 2286 2208 communi
2342 2147 2656 2208 hominum

295 2238 635 2299 cond-itione
683 2238 1075 2318 audivissent,
1122 2255 1192 2298 ea
1235 2236 1365 2316 1030
1413 2255 1547 2298 esse
1595 2254 1705 2297 nos
1748 2244 1948 2316 natoS,
1994 2244 2063 2297 ut
2108 2253 2284 2296 nemo
2330 2238 2393 2296 in
2441 2255 2655 2317 perpe·

298 2336 469 2389 tuum
517 2346 648 2389 esse
694 2335 899 2408 posset
946 2344 1159 2408 expers
1204 2324 1361 2408 mali,
1406 2329 1643 2407 gravius
1690 2328 1868 2387 etiam
1914 2324 2140 2387 tulisse.

185 2416 274 2481 25
477 2416 771 2488 Quocirca
829 2415 1189 2497 CarneadeS,
1260 2424 1331 2477 ut
1387 2415 1559 2476 video
1619 2422 1891 2475 nostrum
1954 2414 2220 2476 scribere
2280 2415 2661 2497 Antiochum,

294 2505 661 2585 reprendere
698 2505 1093 2586 Chrysippum
1129 2503 1359 2565 solebat
1394 2503 1733 2566 laudantem
1770 2503 2161 2584 Euripideum
2201 2522 2439 2565 carmen
2478 2504 2659 2566 illud:

565 2609 866 2673 Mortdlic
897 2629 1068 2673 nemo
1115 2617 1220 2687 est,
1267 2609 1443 2687 que‘m
1489 2629 1611 2673 non
1658 2607 1925 2685 attinth
1968 2612 2144 2671 dolor

561 2700 960 2778 morbusquoe
1003 2704 1205 2762 multis
1249 2699 1393 2762 szint
1435 2703 1734 2762 humandi
1776 2695 1972 2774 liberi,

368 2895 454 2944 58.
519 2890 776 2945 orbitates
841 2920 907 2929 -
972 2883 1226 2957 liberum,
1296 2889 1418 2944 ‘der
1529 2887 1848 2942 binzukam.
1941 2887 2203 2958 Folglich
2267 2888 2491 2944 schiitzt
2551 2890 2657 2945 dor

293 2961 525 3015 Verlust
587 2960 688 3014 der
750 2959 1007 3014 Kinder'.
1090 2962 1419 3028 praedicare
1528 2958 1877 3029 Trostgrund
1934 2958 2033 3014 der
2089 2957 2429 3028 Cyrenaiker
2490 2960 2657 3017 nicht

296 3057 365 3078 -=
403 3032 662 3086 disserere
697 3032 780 3099 de,
821 3049 863 3085 s,
903 3037 989 3097 33,
1028 3037 1114 3086 79.
1525 3029 1721 3099 vollig.

367 3103 567 3157 sen-sim
611 3102 814 3171 gehssrt
856 3119 923 3155 zu
970 3107 1269 3171 appareat;
1321 3103 1416 3184 (18·
1597 3118 1737 3188 Kap.
1778 3118 1875 3175 25.
1921 3118 2248 3185 Carneades,
2284 3136 2326 3174 s.
2358 3138 2405 3172 z.
2437 3125 2522 3187 22,
2561 3125 2649 3176 54.

294 3174 497 3242 ‘lumb’
554 3119 675 3226 dare
726 3172 825 3227 der
875 3189 1054 3243 game
1107 3173 1238 3227 satz
1288 3192 1416 3228 zm
1596 3202 1845 3262 nostr-'um
1898 3207 2247 3264 Antiochum.
2336 3207 2652 3263 Antiochus

294 3246 468 3300 when
514 3244 606 3299 die
651 3244 1277 3314 zmmmengehflngen
1313 3245 1416 3299 Be
1526 3295 1636 3333 von
1691 3279 1970 3349 Askalon,
2028 3279 2264 3333 Schiiler
2319 3279 2418 3333 des
2465 3278 2648 3337 Philo.

293 3314 1418 3457 {tffffnffizffiffifflefflfflzss
1528 3349 1580 3405 s
1620 3349 1765 3405 E...
1804 3356 1941 3416 §20
2133 3349 2286 3406 B...
2326 3357 2413 3420 ⁹1

366 3459 604 3525 Telamo,
634 3476 676 3513 s.
702 3464 785 3526 13,
805 3464 890 3513 28.
943 3458 1192 3526 Theseus,
1224 3464 1307 3527 14,
1328 3463 1412 3513 29.
1595 3437 1785 3507 Emip
1789 3439 1958 3493 ἰάθη··
2013 3457 2115 3495 aus
2167 3441 2264 3495 der
2313 3439 2649 3510 Hypsipyle

290 3528 685 3598 Ληαωαροφας
726 3535 810 3596 14
849 3536 932 3584 30
1524 3525 1614 3564 wo
1641 3508 2015 3579 Amphiaraus
2053 3511 2143 3566 die
2170 3512 2482 3581 Hypsipyle
2509 3512 2653 3567 iiber

363 3602 479 3654 anisi
515 3601 659 3668 quod
695 3601 841 3654 ratio
878 3602 1175 3669 quaedam,-
1213 3618 1256 3654 Β,
1285 3605 1316 3665 5
1345 3606 1414 3654 54
1523 3580 1632 3635 den
1696 3581 1816 3636 Tocl
1888 3580 2039 3636 ihres
2106 3581 2318 3638 Sohnes
2391 3584 2649 3640 trustem

292 3672 438 3740 qnod
499 3672 646 3724 ratio
721 3672 979 3726 debuerat
1048 3687 1183 3725 nens
1244 3651 1725 3738 docet,Na·¹10k
1759 3652 1960 3722 fragm·
2002 3659 2105 3708 ⁷5⁷
2141 3658 2366 3724 1)·468ε

290 3745 511 3796 minora
573 3757 681 3796 esse
744 3757 837 3809 ea,
909 3758 1048 3811 qnae
1109 3743 1222 3797 sint
1294 3744 1416 3797 visa
1512 3735 1665 3810 ’Έφυ
1722 3739 1827 3811 μὲν
1883 3738 2077 3805 ουδεὶς
2129 3760 2282 3805 οστις
2347 3738 2416 3797 οὗ
2482 3748 2657 3799 πονει

292 3814 523 3868 maiora.
2165 3814 2399 3900 βροτῶν,

363 3884 509 3953 quod
562 3899 674 3937 rem
733 3884 1000 3947 continet,
1068 3884 1268 3939 ‘worin
1325 3885 1415 3939 die
1524 3877 1742 3937 θάπτει
1802 3903 1862 3938 τε
1920 3882 2122 3954 τέκνα,
2177 3878 2387 3954 χᾶτερα
2445 3886 2648 3940 κτᾶται

292 3954 653 4023 Hauptsache
707 3954 891 4023 liegt’.
967 3954 1043 4008 IV
1084 3961 1178 4023 10,
1225 3962 1294 4010 23
1351 3973 1417 4011 ea
2162 3955 2287 4023 νέα,

293 4042 431 4094 quae
466 4042 579 4079 rem
614 4027 907 4080 continent.
1526 4018 1701 4087 αὐτός
1737 4044 1796 4080 τε
1825 4021 2090 4096 θνήσκει·
2129 4027 2229 4082 καὶ
2265 3997 2396 4085 τάδ’
2432 4024 2642 4098 ἄχθον-

366 4101 450 4151 59.
489 4097 717 4165 yravius
752 4097 915 4150 etiam
941 4097 1061 4163 tul„
1098 4095 1228 4150 weil
1256 4102 1412 4150 1111111-
2162 4118 2256 4153 ται
2291 4099 2486 4187 βροτοὶ

293 4166 412 4220 lich
447 4183 516 4219 zu
554 4166 681 4221 dem
726 4165 1115 4235 personlichen
1153 4167 1414 4236 Ungliick
1523 4165 1605 4229 εἰς
1650 4167 1756 4236 γῆν
1804 4167 2076 4237 φέροντες
2128 4171 2260 4257 γῆν·
2317 4166 2647 4240 ἀναγκαίως

296 4237 388 4292 die
446 4237 658 4291 Trauer
721 4239 859 4293 111101·
923 4238 1022 4291 das
1081 4236 1261 4292 Elend
1317 4238 1415 4292 der
2162 4236 2220 4295 δ’
2263 4238 2381 4310 ἔχει

295 4307 674 4377 allgemeinen
757 4309 1175 4364 menschlichen
1259 4310 1412 4380 Lage
1522 4311 1647 4379 βίον
1669 4313 1942 4382 θερίζειν,
1953 4332 2087 4376 mets
2111 4310 2395 4383 κάρπιμον
2418 4264 2650 4631 aslon.
