2902 4649
344 162 428 227 38
982 244 988 249 ἡ
1126 162 1199 217 Μ.
1238 160 1484 217 TULLn
1520 159 1904 216 CICERONIS

347 333 752 412 meminimuS,
797 325 1231 392 infundantur?
1313 328 1654 391 Absurdum
1699 330 1760 390 id
1807 328 2075 409 quidem3
2122 330 2226 407 qui
2272 331 2432 389 enim
2470 328 2685 389 fundus

347 428 450 482 aut
496 438 648 499 quae
694 420 827 481 talis
879 420 1060 480 animi
1104 418 1296 498 figura
1338 418 1604 498 intellegi
1648 428 1845 498 potest
1893 426 1996 478 aut
2041 435 2194 497 quae
2240 426 2402 479 tanta
2448 420 2683 478 omnino

345 505 682 589 capacitas?
757 508 847 569 An
893 509 1138 587 inprimi
1184 509 1354 586 quasi
1399 524 1599 569 ceram
1645 509 1909 569 animum
1956 516 2236 585 putamus
2283 517 2343 568 et
2388 525 2521 568 esse
2569 524 2683 567 me·

344 600 593 659 moriam
640 600 1005 678 signatarum
1049 614 1257 657 rerum
1309 598 1372 657 in
1426 604 1625 657 mente
1672 592 1963 676 vestigia?
2053 595 2217 668 Quae
2263 603 2518 675 possunt
2562 614 2685 656 ver-

341 687 586 767 borum,
633 705 786 766 quae
824 704 1030 747 rerum
1065 687 1329 765 ipsarum
1368 703 1502 746 esse
1538 687 1811 765 vestigia,
1859 703 2009 765 quae
2047 703 2227 765 porro
2266 695 2385 745 tam
2422 687 2686 746 inmensa

344 776 712 857 magnitudo,
760 793 911 854 quae
957 774 1056 836 illa
1099 781 1220 834 tam
1268 773 1454 835 multa
1497 779 1687 854 possit
1734 771 2061 854 effingere?

522 861 722 936 Quid?
763 863 864 925 illa
908 866 997 924 vis
1045 881 1195 943 quae
1232 862 1475 925 tandem
1520 874 1639 946 est,
1687 882 1836 945 quae
1881 865 2194 944 investigat
2228 864 2490 944 occulta,
2538 883 2684 944 quae

259 964 328 1015 62
346 956 608 1015 inventio
651 961 834 1033 'atque
883 954 1235 1032 excogitatio
1282 950 1547 1021 dicitur?
1602 973 1674 1015 ex
1731 952 1919 1014 hacne
1976 952 2084 1015 tibi
2139 961 2379 1014 terrena
2435 954 2686 1015 mortali·

343 1062 460 1123 que
505 1052 716 1104 natura
764 1053 826 1104 et
870 1042 1092 1103 caduca
1139 1050 1418 1103 concreta
1465 1061 1535 1103 ea
1578 1039 1857 1104 videtur?
1911 1050 2013 1104 aut
2069 1044 2172 1121 qui
2216 1044 2473 1123 primuS,
2529 1043 2683 1122 quod

339 1150 603 1193 summae
651 1133 975 1212 sapientiae
1020 1130 1388 1212 Pythagorae
1436 1133 1629 1193 visum
1684 1139 1803 1214 est,
1859 1130 2135 1193 omnihus
2188 1130 2372 1193 rebus
2426 1133 2688 1211 inposuit

337 1222 602 1303 nomina,
658 1229 761 1282 aut
817 1223 918 1300 qui
975 1220 1296 1300 dissipatos
1344 1220 1617 1282 homines
1663 1223 2043 1300 congregavit
2102 1229 2162 1281 et
2217 1220 2290 1281 ad
2346 1222 2685 1281 societatem

335 1313 488 1372 vitae
527 1312 895 1391 convocavit,
943 1319 1044 1371 aut
1083 1312 1185 1390 qui
1223 1327 1403 1371 sonos
1440 1313 1630 1392 vociS,
1669 1312 1774 1389 qui
1809 1310 2027 1371 infiniti
2062 1308 2441 1391 videbantur,
2481 1312 2685 1388 paucis

334 1397 671 1460 litterarum
725 1400 883 1460 notis
944 1401 1308 1480 terminavit,
1371 1409 1474 1461 aut
1540 1403 1642 1478 qui
1709 1401 2037 1460 errantium
2094 1397 2396 1459 stellarum
2453 1416 2687 1479 cursuS,

333 1490 815 1567 praegressiones
825 1536 844 1569 ,
879 1489 1218 1549 institiones
1256 1486 1524 1551 notavit?
1588 1487 1811 1550 Omnes
1847 1490 2071 1568 magni;
2109 1489 2286 1548 etiam
2327 1489 2685 1570 superiores,

335 1579 438 1655 qui
484 1577 713 1658 frugeS,
761 1579 865 1657 qui
900 1580 1210 1661 vestitum,
1249 1580 1353 1656 qui
1389 1585 1574 1662 tecta,
1622 1580 1726 1657 qui
1763 1577 1990 1639 cultum
2025 1579 2206 1656 vitae,
2253 1578 2357 1655 qui
2394 1575 2686 1657 praesidia

335 1673 543 1726 contra
589 1666 744 1739 feras
791 1668 1173 1749 invenerunt,
1229 1685 1263 1727 a
1309 1667 1528 1747 quibus
1575 1666 1964 1728 mansuefacti
2008 1674 2068 1726 et
2116 1665 2337 1727 exculti
2391 1684 2424 1725 a
2480 1684 2684 1727 neces-

335 1757 507 1815 sariis
546 1755 811 1816 artificiis
847 1754 921 1815 ad
959 1754 1320 1835 elegantiora
1357 1755 1729 1817 defluximus,
1804 1755 1952 1816 Nam
1992 1763 2051 1815 et
2088 1753 2332 1816 auribus
2372 1753 2685 1817 oblectatio

335 1861 544 1924 magna
587 1852 757 1923 parta
803 1852 922 1925 est,
967 1845 1207 1906 inventa
1255 1854 1316 1907 et
1350 1851 1678 1925 temperata
1714 1846 1996 1905 varietate
2036 1850 2097 1905 et
2133 1851 2346 1904 natura
2382 1862 2685 1924 sonorum,

335 1941 396 1994 et
449 1940 608 1994 astra
662 1935 1038 2013 suspeximus
1093 1953 1232 1995 cum
1287 1953 1381 2014 ea,
1447 1952 1598 2013 quae
1655 1942 1796 1994 sunt
1848 1934 2027 1993 infixa
2083 1934 2264 1994 certis
2319 1932 2491 2013 lociS,
2556 1941 2683 1993 tum

333 2019 431 2082 illa
477 2039 599 2082 non
644 2040 738 2104 re,
785 2021 889 2083 sed
935 2022 1221 2098 vocabulo
1269 2025 1555 2104 errantia,
1602 2040 1859 2101 quorum
1905 2023 2324 2083 conversiones
2347 2086 2351 2089 ,
2371 2023 2684 2101 omnisque

334 2117 533 2172 motus
580 2113 685 2190 qui
729 2113 924 2172 animo
972 2112 1141 2193 vidit,
1185 2113 1239 2172 is
1286 2112 1494 2173 docuit
1540 2111 1792 2172 similem
1831 2113 2092 2172 animum
2132 2128 2308 2171 suum
2354 2112 2485 2171 eius
2531 2128 2685 2191 esse,

244 2209 312 2258 63
335 2201 438 2278 qui
501 2217 568 2260 ea
633 2199 956 2262 fabricatus
1020 2211 1180 2262 esset
1242 2203 1305 2262 in
1369 2200 1550 2262 caelo.
1641 2200 1789 2260 Nam
1853 2218 1990 2260 cum
2040 2198 2426 2260 Archimedes
2489 2199 2686 2280 lunae,

1599 2426 2087 2566 asstare
2114 2410 2590 2552 mmm
2623 2425 2681 2480 ἃ·

1556 2514 1986 2637 absequmtw,
2003 2513 2133 2621 tm
2148 2514 2373 2623 oglerius
2399 2513 2688 2623 menan:

1557 2644 1673 2693 tam
1726 2640 1973 2705 tardius,
2025 2643 2145 2693 tum
2193 2642 2414 2708 omnino
2458 2656 2526 2694 ne
2568 2655 2687 2694 mo-

401 2429 485 2478 61.
523 2425 759 2493 inprimi
820 2428 983 2496 qnasi
1045 2442 1248 2480 ceram.-
1316 2425 1449 2479 Dies

326 2511 447 2550 war
472 2494 563 2550 die
581 2495 820 2550 Ansicht
846 2496 945 2551 des
966 2496 1217 2551 Stoikers
1246 2496 1451 2560 Klean-

326 2567 479 2649 thes,
533 2567 627 2622 die
672 2567 778 2621 mit
822 2568 1122 2622 ahnlichen
1166 2567 1450 2637 (handen,-

328 2637 436 2693 wie
465 2610 564 2692 sie
614 2637 728 2693 Cic.
779 2638 904 2694 hier
956 2638 1274 2709 vorbringt‚
1338 2655 1450 2694 von

327 2709 452 2835 ξαν.
372 2710 652 2868 hf'jiffih
656 2709 956 2870 Ἣῆῗιέἔὲ
1003 2710 1448 2868 ἕιῖῗῖθηὲἱῖξ

327 2847 438 2939 γὰρ
474 2846 685 2920 ἤκουσε
723 2849 827 2922 τὴν
862 2850 1113 2908 τύπωσιν
1152 2849 1298 2908 κατὰ
1337 2856 1451 2907 εἰσ-

329 2918 468 3009 οχήν
530 2941 590 2977 τε
651 2922 752 2978 καὶ
818 2920 1046 2994 ἔξοχήν,
1111 2942 1296 3011 ωσπερ
1351 2923 1450 2979 καὶ

327 2990 427 3048 διὰ
479 2993 592 3048 τῶν
636 2996 950 3049 δακτυλίων
995 2991 1302 3065 γινομένην
1347 2996 1449 3050 τοῦ

327 3060 807 3207 κήὲἕέηέἴτῖωσέν
830 3136 866 3191 i.
923 3138 1107 3204 efficta
1160 3138 1450 3204 continere,

328 3225 439 3263 von
487 3208 617 3262 dem
655 3206 829 3264 Stoffe
873 3210 1099 3290 gesagt,
1146 3208 1323 3263 worin
1367 3211 1449 3272 et-

327 3295 444 3334 was
500 3278 835 3363 dargestellt
873 3225 1040 3334 wird.
1113 3280 1184 3334 de
1238 3277 1349 3335 div.
1396 3279 1449 3334 H

327 3356 424 3419 42,
463 3355 533 3405 94
570 3350 709 3421 Quis
743 3351 889 3406 enim
921 3366 1038 3406 non
1069 3352 1215 3407 videt
1250 3355 1301 3406 et
1334 3351 1448 3419 for-

327 3393 447 3477 ma’s
483 3427 531 3476 et
566 3437 737 3477 mores
771 3428 823 3478 et
848 3422 1134 3492 plerosque
1168 3426 1346 3477 statas
1381 3439 1448 3478 ac

924 3495 1207 3549 arentibus
1233 3494 1446 3551 liberos

328 3498 505 3549 motus
531 3494 784 3563 effinyere
810 3512 847 3549 a

929 3582 989 3619 er
1023 3562 1318 3621 Anschlul's
1371 3563 1448 3620 ist

402 3569 485 3621 62.
538 3571 640 3619 aut
689 3565 802 3634 qui.

327 3636 471 3701 lose,
516 3634 624 3690 wie
657 3636 851 3705 h'aufig
885 3634 977 3691 die
1016 3634 1447 3692 Gedankenver·

326 3676 583 3777 bind’ung
632 3706 691 3760 in
742 3706 923 3761 dieser
960 3705 1193 3772 Schrift3
1248 3726 1315 3761 zu
1359 3724 1444 3762 er-

326 3783 544 3848 gamen
570 3778 644 3833 ist
669 3794 770 3832 aus
790 3777 917 3832 dem
933 3778 1447 3848 Vorhergehenden

326 3866 462 3904 num
511 3850 628 3904 eine
681 3850 901 3904 animus
956 3866 1026 3903 ea·
1075 3851 1179 3904 hac
1229 3856 1449 3905 terrena

329 3922 652 3989 mortalique
699 3925 909 3975 natura
954 3925 1233 3976 concretas
1277 3922 1447 3987 fnisse

327 3992 560 4046 videtum
616 3979 892 4061 Ubrigens
912 4010 990 4061 vg
990 3991 1028 4046 l.
1049 3991 1321 4047 Theodot.
1343 3991 1446 4049 661.

329 4079 442 4117 exs
479 4062 677 4150 proph.
715 4077 760 4117 c.
791 4068 858 4117 35
896 4010 1250 4151 Πυθαγόρας
1274 4058 1448 4149 ἠξίου

330 4129 405 4204 μὴ
471 4132 647 4221 μόνον
709 4131 1160 4226 λογικώτατον
1148 4128 1288 4188 nitzo?
1352 4133 1448 4188 καὶ

327 4202 709 4293 πρεςβύτατον
760 4209 1034 4293 ηγεῖσθαι
1088 4206 1201 4260 τῶν
1256 4205 1450 4292 σοφῶν

329 4273 433 4330 τὸν
466 4273 718 4347 θέμενον
747 4274 817 4332 τὰ
847 4272 1103 4347 ονόματα
1132 4283 1249 4340 τοῖς
1274 4272 1449 4347 πρᾶγ-

327 4367 512 4423 μασιν.

1556 2716 1752 2765 ventur
1777 2712 2021 2780 quidem,
2042 2710 2136 2764 sed
2162 2710 2238 2764 ad
2254 2711 2527 2793 quoddam
2552 2714 2688 2765 tem-

1548 2797 1662 2850 pas
1699 2783 1979 2838 insistwnt.
2055 2779 2214 2836 Sieht
2251 2797 2383 2836 man
2411 2779 2503 2835 die
2530 2780 2686 2836 Erde

1559 2853 1643 2906 als
1691 2852 2111 2908 feststehenden
2159 2852 2533 2923 Mittelpunkt
2582 2852 2689 2908 des

1558 2922 1891 2979 Universum
1920 2940 2019 2991 an,
2049 2940 2111 2979 so
2141 2922 2408 2979 scheinen
2434 2923 2523 2979 die
2551 2922 2690 2979 Pla.-

1558 2996 1727 3050 neten
1763 2994 1886 3049 sich
1913 2994 2049 3050 bald
2076 3013 2147 3049 zu
2172 2993 2508 3063 iiberholen,
2544 2995 2691 3050 bald

1560 3065 1679 3120 still
1715 3083 1785 3119 zu
1820 3066 2032 3121 stehen.

1627 3133 1984 3205 defluximus,
2040 3136 2245 3192 driickt
2291 3136 2392 3192 das
2438 3137 2690 3192 allmah-

1556 3206 1731 3276 liche,
1777 3208 2265 3278 unbeabsichtigte
2301 3208 2693 3264 Hinkommen

1557 3295 1675 3336 aus.
1749 3278 1879 3350 Vgl.
1916 3280 1970 3334 V
2006 3285 2101 3348 21,
2142 3285 2209 3334 62
2247 3280 2555 3349 defluebant
2593 3295 2688 3334 co·

1553 3367 1739 3408 ronae.

1626 3426 1951 3491 temperata,
1978 3421 2359 3477 ‘harmonisch
2379 3420 2686 3492 gebildet'.

1554 3494 1894 3562 temper-atie,
1930 3492 2249 3549 Harmonia.

1624 3564 1728 3619 illa
1752 3580 1869 3618 non
1894 3581 1970 3631 re,
2001 3565 2096 3619 sed
2120 3564 2384 3618 vocabulo
2411 3566 2687 3622 errantia.

1556 3633 1625 3690 de
1662 3634 1812 3690 deor.
1850 3653 1904 3689 n.
1941 3634 1996 3688 II
2032 3640 2129 3704 20,
2166 3640 2232 3689 51
2281 3636 2519 3691 maxime
2553 3652 2691 3691 vero

1553 3711 1683 3761 swnt
1719 3706 2073 3762 admirabiles
2097 3711 2275 3760 motus
2301 3722 2490 3761 earum
2516 3708 2692 3775 quin·

1554 3793 1657 3847 que
1690 3778 1999 3845 stellarum,
2046 3794 2198 3860 qnae·
2230 3777 2374 3843 falso
2409 3783 2693 3833 vocantur

1555 3853 1847 3905 errantes.
1883 3849 2048 3903 Nihil
2107 3849 2251 3903 enim
2303 3854 2478 3915 errat,
2532 3851 2693 3919 quod

1556 3922 1621 3974 in
1664 3921 1814 3975 omni
1857 3921 2177 3975 aeternitate
2226 3924 2509 3975 conservat
2546 3937 2690 3989 pro-

1555 4006 1770 4061 9ressas
1804 3996 1855 4045 et
1888 4006 2161 4062 reyressns
2195 3990 2532 4062 reliquosque
2568 4008 2691 4047 mo-

1557 4069 1648 4117 tas
1682 4067 1989 4116 constantes
2024 4067 2074 4116 et
2109 4066 2273 4117 ratos.
2331 4079 2336 4082 ’

1628 4134 1841 4199 docuit,
1881 4132 1933 4187 d.
1970 4133 2006 4186 i.
2045 4150 2104 4188 re
2130 4133 2408 4202 probavit.

1630 4210 1714 4258 63.
1754 4204 2125 4259 Archimedes.-
2152 4202 2266 4286 ‚Die
2296 4204 2546 4285 sphaera.
2581 4205 2693 4260 des

1557 4274 1921 4330 Archimedes
1957 4292 2073 4330 war
2118 4274 2209 4329 ein
2254 4274 2544 4331 kiinstlich
2592 4292 2696 4331 or-

1559 4345 2698 4417 ganisiertesPIanetarium,w01-in,wenn
