2902 4649
357 154 486 218 154

1134 152 1210 208 M.
1249 151 1497 206 TULLII
1535 150 1917 218 CICERONIS

351 320 589 400 rabile8‚
634 320 801 380 surdi
846 320 1115 398 profecto
1163 323 1398 380 sumuS.
1473 313 1586 395 ‘At
1616 337 1820 380 vocem
1868 318 2216 380 citharoedi·
2243 338 2364 380 non
2410 314 2704 381 audiunt.'

351 409 439 470 Ne
496 408 814 470 stridorem
871 408 1108 487 quidem
1165 425 1366 469 serrae
1424 418 1580 487 tum,
1644 425 1781 468 cum
1846 410 2107 489 acuitur,
2173 416 2275 469 aut
2341 408 2709 489 grunditum,

354 516 491 559 cum
537 496 857 578 iugulatur,
904 500 1047 576 suiS‚
1094 514 1225 578 nec,
1272 514 1410 557 cum
1459 498 1770 576 quiescere
1817 496 2042 578 volunt,
2087 497 2391 558 fremitum
2438 515 2708 559 murmu-

351 589 541 648 rantis
586 587 785 646 mariS.
877 585 953 647 Et
1011 587 1063 646 si
1119 593 1329 646 cantus
1385 604 1491 646 eos
1548 586 1700 646 forte
1757 585 2082 665 delectant,
2135 588 2394 665 primum
2444 588 2707 664 cogitare

353 674 597 756 debent,
658 682 793 736 ante
843 693 1021 754 quam
1066 674 1128 735 hi
1175 676 1295 735 sint
1339 676 1595 754 inventi,
1643 674 1860 736 multos
1905 674 2078 735 beate
2125 677 2342 735 vixisse
2390 676 2712 755 sapienteS,

354 763 568 824 deinde
615 763 802 824 multo
856 765 1141 824 maiorem
1196 765 1427 843 percipi
1483 781 1658 842 posse
1714 762 1980 842 legendis
2026 763 2120 824 his
2172 781 2351 842 quam
2398 763 2713 824 audiendis

249 852 730 933 117voluptatem.
822 853 975 913 Tum
1030 861 1098 913 ut
1151 852 1327 931 paulo
1382 861 1521 912 ante
1577 869 1785 912 caecos
1841 852 1914 912 ad
1970 854 2204 913 aurium
2250 852 2714 913 traducebamus

353 941 742 1022 voluptatem,
799 943 886 1002 sic
940 941 1080 1001 licet
1134 940 1349 1001 surdos
1395 940 1468 1000 ad
1517 940 1844 1001 oculorum.
1935 939 2171 1002 Etenim
2221 944 2324 1020 qui
2370 960 2575 1003 secum
2619 943 2711 1003 lo-

355 1033 460 1109 qui
503 1032 744 1112 poterit,
789 1048 1129 1107 sermonem
1173 1029 1422 1091 alterius
1469 1047 1591 1089 non
1636 1032 1922 1108 requiret.

533 1118 944 1196 Congerantur
989 1120 1052 1178 in
1099 1136 1286 1179 unum
1324 1119 1541 1198 omnia,
1588 1126 1655 1179 ut
1689 1118 1849 1179 idem
1887 1119 2075 1180 oculis
2116 1127 2176 1179 et
2211 1119 2459 1181 auribus
2497 1128 2713 1200 captus

354 1209 460 1288 sit,
525 1215 831 1286 prematur
897 1209 1071 1267 etiam
1139 1206 1445 1268 doloribus
1511 1210 1839 1268 acerrumis
1899 1210 2186 1287 corporis
2280 1208 2397 1279 Qui
2448 1212 2719 1288 primum

354 1313 464 1375 per
512 1314 575 1355 se
622 1298 738 1374 ipsi
782 1294 1136 1374 plerumque
1183 1296 1510 1357 conficiunt
1553 1295 1881 1357 hominem:
1938 1299 2032 1357 sin
2077 1297 2231 1357 forte
2278 1296 2718 1377 longinquitate

355 1384 634 1463 producti
680 1383 1088 1445 vehementius
1135 1392 1334 1445 tamen
1379 1393 1694 1465 torquent,
1748 1403 1926 1463 quam
1983 1395 2050 1446 ut
2104 1404 2281 1447 causa
2337 1388 2414 1447 sit
2473 1405 2581 1448 cur
2626 1387 2719 1447 fe-

355 1483 592 1555 rantur,
649 1472 789 1552 quid
839 1480 931 1533 est
974 1472 1241 1553 tandem,
1289 1472 1349 1533 di
1393 1473 1564 1553 boni,
1612 1473 1770 1552 quod
1813 1471 2197 1535 laboremus?
2286 1474 2504 1536 Portus
2552 1478 2720 1536 enim

355 1571 593 1641 praesto
655 1570 773 1642 est,
805 1564 1115 1641 ‚quoniam
1178 1562 1419 1641 quidem
1481 1580 1641 1623 mors
1703 1572 1796 1624 est
1848 1571 2158 1624 aeternum
2214 1563 2360 1624 nihil
2416 1564 2723 1625 sentiendi

356 1650 817 1729 receptaculum.
909 1650 1260 1711 Theodorus
1316 1649 1667 1730 Lysimacho
1731 1661 1986 1712 mortem
2048 1654 2347 1713 minitanti
2412 1647 2724 1732 ‘Magnum

260 1735 528 1800 118vero'
575 1742 771 1818 inquit
826 1735 1126 1821 ‘effecisti‚
1180 1742 1233 1800 si
1286 1740 1649 1800 cantharidis
1705 1742 1821 1800 vim
1877 1750 2237 1802 consecutus
2296 1736 2402 1802 es?

2492 1741 2722 1802 Paulus

358 1826 527 1888 Persi
588 1828 933 1907 deprecanti
992 1847 1066 1889 ne
1125 1831 1190 1888 in
1250 1827 1554 1907 triumpho
1618 1829 1970 1891 duceretur:
2035 1824 2128 1890 ‘In
2188 1838 2291 1891 tua
2349 1830 2410 1891 id
2472 1829 2725 1910 quidem

357 1924 652 1995 potestate
700 1912 832 1978 est?
915 1915 1097 1977 Multa
1141 1919 1336 1997 primo
1384 1917 1500 1997 die,
1548 1936 1684 1978 cum
1732 1918 1804 1978 de
1851 1920 1979 1997 ipsa
2026 1927 2219 1980 morte
2268 1937 2722 2000 quaereremuS,

359 2022 479 2064 non
525 2023 714 2085 pauca
761 2007 938 2066 etiam
983 2013 1252 2085 postero,
1307 2025 1445 2067 cum
1499 2015 1780 2086 ageretur
1835 2007 1909 2067 de
1969 2006 2199 2089 dolore,
2247 2016 2388 2068 sunt
2434 2007 2588 2068 dicta
2642 2008 2722 2068 de

360 2102 579 2173 morte,
647 2111 796 2174 quae
867 2095 970 2173 qui
1032 2095 1411 2176 recordetur,
1474 2094 1633 2156 haud
1699 2114 1838 2157 sane
1903 2096 2239 2175 periculum
2305 2107 2397 2158 est
2460 2115 2536 2157 ne
2592 2115 2725 2157 non

252 2179 337 2244 41
361 2192 614 2243 mortem
671 2191 773 2244 aut
827 2184 1142 2263 optandam
1196 2194 1299 2245 aut
1354 2192 1519 2245 certe
1577 2202 1698 2245 non
1744 2184 2066 2245 timendam
2115 2193 2302 2263 putet.
2394 2185 2538 2245 Mihi
2584 2188 2724 2264 qui·

360 2271 494 2333 dem
541 2275 605 2333 in
652 2275 769 2334 vita
825 2273 1111 2334 servanda
1156 2273 1393 2335 videtur
1447 2272 1546 2334 illa
1603 2272 1724 2355 lex,
1786 2291 1936 2353 quae
1983 2276 2045 2335 in
2095 2273 2458 2336 Graecorum
2506 2276 2722 2335 convi-

357 2364 467 2423 viis
513 2362 833 2425 obtinetur.
912 2357 1052 2423 ‘Aut
1096 2358 1282 2423 bibat'
1330 2365 1527 2442 inquit
1574 2358 1698 2424 ‘aut
1745 2358 1964 2423 abeat?
2039 2362 2116 2424 Et
2161 2372 2353 2445 recte3
2403 2372 2505 2424 aut
2551 2366 2722 2424 enim

427 2552 627 2606 multos
700 2552 849 2607 beate
919 2552 1124 2607 vixisse
1194 2552 1482 2622 sapientes.

356 2621 496 2676 Dare
534 2622 635 2677 das
673 2624 1017 2692 sogenannte
1054 2623 1297 2692 goldene
1335 2623 1484 2677 Zeit-

360 2694 507 2748 alber
542 2693 643 2748 das
671 2694 940 2749 Zeitalter
974 2693 1074 2747 der
1091 2693 1321 2748 Weisen
1349 2710 1481 2762 war,

358 2765 581 2819 lehrten
642 2764 989 2819 namentlieh
1054 2763 1145 2818 die
1205 2764 1484 2834 jiingeren

362 2834 603 2903 Stoiker,
639 2835 945 2889 besonders
964 2835 1321 2901 Posidonium
1358 2834 1509 2889 dass*

361 2907 508 2963 auch
554 2906 646 2961 die
692 2906 1002 2976 Epikureer
1044 2905 1135 2960 ihr
1179 2905 1338 2960 Ideal
1382 2907 1483 2960 der

359 2976 641 3031 Weisheit
693 2976 760 3030 in
800 2977 932 3046 J'ene
985 2976 1109 3030 Zeit,
1150 2979 1482 3045 vei-semma,

359 3046 501 3101 wird
528 3049 685 3102 sonet
711 3046 979 3117 nirgends
1006 3047 1299 3102 berichtet.
1329 3046 1484 3101 Viel-

360 3117 538 3172 leicht
582 3118 660 3173 ist
704 3120 977 3186 sapientes
1026 3118 1121 3171 ein
1157 3118 1358 3172 Zusatz
1395 3116 1483 3172 Oi-

363 3205 542 3258 ceros,
592 3189 691 3244 der
735 3188 896 3244 nicht
930 3188 989 3242 in
1028 3189 1211 3243 seiner
1246 3188 1484 3258 griechi-

361 3261 533 3315 schen
573 3259 771 3325 Quelle
811 3259 991 3313 stand.

436 3338 554 3386 117.
592 3331 838 3397 Etenim,
868 3330 1032 3384 einen
1058 3345 1241 3384 neuen
1269 3329 1484 3384 Beweis

361 3402 717 3469 einffihrend‚
777 3420 820 3458 e.
858 3420 903 3455 z.
940 3400 1022 3453 III
1059 3406 1110 3469 9,
1148 3406 1234 3456 20.
1280 3400 1358 3454 IV
1399 3407 1486 3471 17,

361 3478 447 3529 40.
481 3472 537 3527 V
575 3479 663 3541 23,
702 3479 786 3530 67.

426 3545 671 3613 primum
724 3575 797 3585 -
842 3544 935 3597 siu
987 3543 1143 3609 forte.
1216 3540 1322 3596 Die
1376 3542 1486 3596 Be·

360 3614 632 3684 dingung,
669 3615 884 3669 welche
921 3613 1050 3668 dem
1077 3615 1168 3667 siu
1192 3614 1334 3680 forte
1360 3630 1486 3668 vor-

360 3685 650 3754 ausgehen
706 3686 874 3739 sollte
887 3725 901 3750 ‚
956 3684 1034 3738 ist
1086 3702 1154 3738 zu
1210 3687 1486 3753 ergttnzen

361 3759 425 3824 (s.
464 3774 510 3812 z.
547 3755 574 3808 Ι
613 3760 643 3820 5
677 3758 820 3823 119),
858 3754 1108 3808 namlich
1142 3755 1195 3809 si
1230 3755 1489 3809 acerrimi

359 3832 505 3880 suut.
568 3826 686 3880 Auf
708 3827 957 3895 primum
992 3825 1140 3907 folgt
1165 3824 1273 3879 mit
1300 3824 1486 3880 einem

359 3896 626 3951 Wechsel
654 3897 752 3951 der
770 3895 1180 3951 Konstruktlon
1206 3897 1298 3950 siu
1323 3897 1482 3962 forte.

432 3984 597 4036 quam
632 3973 696 4022 ut
731 3984 903 4023 causa
936 3968 1026 4033 sit,
1064 3983 1164 4021 cur
1197 3967 1484 4033 ferantur.-

360 4038 475 4106 vgl.
509 4037 563 4091 11
599 4044 686 4103 27,
725 4045 791 4093 67
829 4039 1152 4107 uryeutibus
1188 4038 1397 4106 asperis
1432 4043 1485 4092 et

362 4108 567 4164 odiosis
602 4110 908 4175 doloribus,
957 4109 1009 4163 si
1053 4108 1200 4163 tanti
1234 4109 1374 4174 siut,
1419 4113 1485 4162 ut

361 4179 577 4245 ferendi
610 4195 724 4233 nou
758 4181 888 4245 sint,
924 4195 1030 4249 quo
1066 4180 1138 4234 sit
1166 4178 1481 4248 comfuqieu-

363 4250 493 4303 dum
529 4249 693 4304 vides.

433 4320 578 4374 nihil
612 4321 880 4376 sentiendi
923 4321 1344 4388 receptaculum,
1390 4319 1484 4374 ein

1592 2551 1984 2620 Zufluchtsort,
2022 2568 2108 2607 wo
2147 2552 2250 2606 wir
2287 2553 2428 2606 aller
2462 2552 2725 2622 Empfin·

1592 2623 1747 2692 dung
1792 2623 2054 2677 entrt'ickt
2100 2622 2243 2676 sind.
2320 2623 2373 2678 S.
2413 2643 2460 2677 z.
2499 2628 2597 2691 31,
2651 2628 2725 2678 88

1591 2694 1657 2749 de
1691 2699 1862 2748 morte
1898 2695 2043 2748 euim
2077 2694 2163 2749 ita
2197 2695 2363 2748 sentit
2399 2696 2503 2748 cet.

1667 2764 1978 2834 Theodorus
1993 2807 2008 2829 ,
2062 2765 2171 2819 mit
2225 2764 2356 2819 dem
2408 2763 2728 2820 Beinamen

1589 2830 1787 2904 ἄθεος,
1826 2853 1867 2890 e.
1898 2854 1941 2889 z.
1979 2834 2006 2887 I
2043 2842 2129 2904 43,
2173 2841 2291 2891 102.
2346 2835 2725 2905 Lysimachus

1589 2904 1665 2959 ist
1709 2906 1811 2960 (161·
1855 2906 2137 2961 bekannte
2186 2906 2428 2961 General
2471 2906 2728 2963 Alexan-

1592 2976 1742 3044 ders,
1819 2977 1919 3031 der
1980 2993 2092 3032 von
2155 2976 2428 3032 Seleukus
2491 2978 2553 3031 in
2621 2979 2733 3034 (161·

1593 3045 1863 3102 Schlacht
1911 3047 2006 3102 bei
2050 3047 2413 3118 Kurupedion
2458 3054 2562 3105 281
2623 3065 2728 3117 ge-

1592 3118 1864 3187 schlagen
1920 3119 2036 3173 und
2091 3120 2311 3189 getotet
2355 3119 2562 3176 wurde.
2640 3120 2731 3174 Zu

1591 3188 1711 3242 ihm
1748 3206 1866 3244 war
1892 3190 2223 3245 Theodorus
2249 3208 2363 3246 von
2388 3190 2733 3247 Ptolemiius

1591 3259 1734 3328 Lagi
1772 3260 1858 3314 als
1897 3260 2212 3316 Gesandter
2246 3260 2556 3330 geschickt.

1663 3332 2034 3387 cauthwridis:
2099 3333 2383 3387 cantharis
2446 3332 2526 3386 ist
2578 3332 2733 3388 eine

1592 3400 1796 3471 giftige
1825 3401 2036 3472 Fliege,
2075 3402 2245 3457 deren
2274 3402 2395 3457 Gift
2430 3402 2521 3457 die
2540 3403 2733 3460 Alton

1590 3471 1753 3525 nieht
1801 3473 1981 3526 selten
2030 3473 2382 3528 anwandten.
2458 3473 2532 3527 ad
2578 3475 2733 3533 fam.

1590 3542 1670 3596 IX
1708 3548 1772 3596 21
1793 3586 1806 3611 ,
1855 3550 1888 3596 3
1947 3543 2005 3598 Ο.
2064 3543 2242 3599 Carbo
2296 3550 2592 3599 accusante
2646 3545 2733 3601 L.

1595 3612 1792 3668 Crasso
1838 3615 2198 3670 cantharidas
2242 3617 2535 3683 sumpsisse
2577 3617 2737 3671 diei-

1591 3689 1700 3740 tur.
1766 3683 1870 3739 Bei
1891 3684 2043 3741 Stob.
2066 3685 2183 3741 flor.
2204 3686 2257 3738 ΙΙ
2276 3692 2344 3740 33
2375 3687 2503 3756 sagi:
2531 3686 2735 3743 Theo-

1593 3754 1759 3808 dorus
1826 3750 2115 3825 ἐλελήθεις
2177 3776 2244 3826 με
2312 3751 2381 3811 οὖ
2440 3755 2738 3830 βασιλέως

1592 3820 1733 3879 ἀλλὰ
1771 3829 2012 3880 κωνείου
2050 3824 2296 3896 δύναμιν
2336 3825 2495 3896 ἔχων.

1665 3901 1784 3951 118.
1824 3904 1924 3952 aut
1958 3900 2284 3966 optandam.-
2321 3899 2436 3967 vgl.
2466 3898 2493 3951 Ι
2520 3904 2606 3966 31,
2652 3906 2740 3957 ’16

1589 3972 1654 4021 ut
1696 3983 1885 4022 verear
1929 3985 1997 4023 ne
2040 3970 2250 4025 homini
2294 3969 2438 4023 nihil
2488 3970 2566 4023 sit
2599 3986 2744 4027 non

1590 4038 1795 4092 malum
1833 4040 2009 4105 aliud,
2046 4046 2186 4095 certe
2221 4041 2296 4095 sit
2329 4040 2474 4095 nihil
2510 4040 2743 4098 bonum

1591 4109 1751 4164 aliud
1782 4110 1983 4178 potius.

1661 4179 1804 4249 Καρ.
1844 4179 1941 4236 41.
2005 4180 2126 4236 Aut
2161 4182 2313 4236 bibat
2348 4184 2452 4236 cet.
2500 4177 2538 4250 ἢ
2576 4188 2749 4240 πῖθι

1589 4243 1626 4318 ἢ
1666 4246 1856 4308 ἄπιθι.
1912 4249 2029 4307 Der
2049 4252 2348 4321 Vergleich
2376 4253 2475 4306 des
2491 4252 2753 4312 Lebene

1590 4320 1697 4376 mit
1732 4322 1916 4377 einem
1954 4322 2280 4379 Gastmahle
2325 4322 2400 4377 ist
2434 4324 2582 4378 auch
2623 4325 2756 4384 bei

2855 453 2866 484 f
