2902 4649
589 173 1194 231 TUSCULANARUM
1232 172 1841 231 DISPUTATIONUM
1878 174 1918 230 Ι.
1961 179 2189 232 76-80.
2476 172 2565 239 47

207 346 394 425 igitur
442 346 496 404 si
542 341 843 423 acciderit,
889 345 1075 404 simus
1123 344 1351 403 armati.
1442 343 1512 402 A.
1564 340 1716 403 Sane
1766 343 2026 425 quidem,
2073 345 2179 407 sed
2224 362 2300 405 ne
2339 342 2570 406 accidat

202 431 551 514 providebo,

642 431 728 493 M.
774 431 930 492 Num
987 431 1131 511 quid
1185 433 1370 511 igitur
1426 440 1521 492 est
1578 449 1790 493 causae
1847 434 1992 511 quin
2048 435 2272 495 amicos
2328 442 2567 494 nostros

204 522 443 584 Stoicos
499 516 911 582 dimittamus?
968 539 1072 581 eos
1127 520 1286 601 dico,
1346 522 1451 599 qui
1508 524 1674 582 aiunt
1730 538 1971 582 manere
2028 525 2255 584 animos
2265 569 2284 603 ,
2339 540 2477 584 cum
2533 540 2566 582 e

203 629 461 692 corpore
508 611 893 689 excesserint,
940 609 1045 670 sed
1092 627 1214 670 non
1260 627 1515 689 semper.
1587 610 1659 671 Α.
1697 609 1851 671 Istos
1888 628 2049 691 vero,
2086 613 2208 691 qui,
2246 611 2406 690 quod
2444 618 2568 671 tota

200 702 270 762 in
323 701 436 761 hac
492 718 668 760 causa
725 697 1142 760 difficillimum
1198 706 1316 779 est,
1373 701 1728 780 suscipiant,
1783 717 1960 779 posse
2016 703 2277 762 animum
2325 717 2565 761 manere

201 807 461 869 corpore
509 796 840 869 vacantem,
894 787 1041 849 illud
1098 796 1326 870 autem,
1372 788 1544 866 ,quod
1593 806 1713 849 non
1762 788 1936 849 modo
1983 788 2154 851 facile
2201 789 2273 850 ad
2321 789 2566 851 creden·

201 879 353 940 dum
399 886 517 959 est,
565 877 669 938 sed
717 895 787 936 eo
840 894 1155 957 concesso,
1213 877 1372 955 quod
1416 877 1649 959 volunt,
1695 895 2098 961 consequens,
2152 878 2214 939 id
2262 897 2381 940 non
2429 895 2567 939 con·

203 967 442 1049 cedant,
486 974 572 1047 ut,
619 983 755 1026 eum
803 965 906 1027 diu
953 967 1370 1046 permanserit,
1415 985 1492 1027 ne
1539 968 1811 1027 intereat.
1903 968 1987 1027 M.
2035 966 2196 1029 Bene
2242 967 2564 1048 reprehen-

203 1057 320 1138 dis,
368 1063 429 1117 et
466 1073 531 1117 se
568 1057 683 1116 isto
722 1053 898 1115 modo
937 1073 1035 1115 res
1073 1054 1268 1116 habet.
1344 1054 1674 1116 Credamus
1709 1057 1894 1135 igitur
1929 1056 2207 1118 Panaetio
2251 1076 2282 1118 a
2318 1055 2565 1118 Platone
2588 1064 2656 1114 79

206 1164 320 1207 suo
371 1140 789 1206 dissentienti?
863 1143 1054 1215 Quem
1093 1146 1250 1204 enim
1289 1143 1568 1205 omnibus
1605 1143 1752 1205 locis
1790 1144 2073 1227 divinum,
2121 1164 2299 1225 quem
2337 1147 2567 1225 sapien·

207 1236 529 1314 tissimum,
568 1251 746 1312 quem
784 1235 1244 1313 sanctissimum,
1280 1251 1459 1312 quem
1486 1232 1815 1295 Homerum
1851 1233 2340 1315 philosophorum
2374 1233 2569 1315 appel·

207 1324 319 1404 lat,
373 1323 555 1384 huius
609 1322 762 1383 banc
819 1340 998 1383 unam
1055 1323 1409 1383 sententiam
1467 1321 1539 1382 de
1597 1322 2020 1384 inmortalitate
2068 1325 2403 1384 animorum
2448 1341 2568 1383 non

203 1411 441 1494 probat.
515 1411 648 1472 Volt
693 1413 872 1494 enim,
917 1410 1078 1490 quod
1124 1428 1300 1471 nemo
1347 1419 1549 1492 negat,
1597 1410 1882 1490 quiequid
1929 1420 2136 1473 natum
2181 1414 2259 1473 sit
2294 1414 2569 1492 interire3

206 1502 377 1563 nasci
403 1507 604 1561 autem
633 1501 879 1582 animoS,
908 1499 1066 1579 quod
1096 1498 1358 1561 declaret
1386 1518 1597 1561 eorum
1636 1499 1981 1582 similitudo,
2018 1503 2124 1580 qui
2154 1508 2570 1581 procreentur,

208 1608 363 1669 quae
412 1592 590 1650 etiam
637 1591 699 1649 in
744 1590 1018 1669 ingeniiS,
1064 1606 1184 1648 non
1225 1588 1418 1649 solum
1453 1591 1516 1649 in
1555 1587 1911 1668 corporibus
1947 1589 2243 1670 adpareat.
2308 1590 2568 1651 Alteram

208 1686 412 1740 autem
459 1677 653 1739 adfert
698 1679 1007 1758 rationem,
1054 1675 1203 1738 nihil
1249 1695 1379 1738 esse
1428 1677 1588 1756 quod
1635 1676 1830 1740 doleat
1873 1681 2018 1757 quin
2056 1678 2116 1738 id
2154 1697 2400 1759 aegrum
2437 1695 2571 1739 esse

211 1784 456 1849 quoque
493 1768 710 1847 possit3
758 1765 914 1844 quod
964 1758 1163 1826 autem
1202 1768 1264 1826 in
1301 1766 1579 1828 morbum
1618 1764 1804 1848 cadat,
1840 1767 1901 1828 id
1939 1769 2119 1828 etiam
2154 1770 2567 1829 interiturum:
2591 1813 2629 1876 3

207 1857 413 1918 dolere
473 1863 672 1916 autem
727 1857 986 1935 animos,
1042 1872 1184 1934 ergo
1241 1857 1417 1916 etiam
1473 1857 1740 1917 interire.
1832 1855 1991 1917 Haec
2049 1857 2242 1918 refelli
2291 1863 2569 1938 possunt:
2590 1888 2660 1939 80

209 1955 355 2007 sunt
400 1947 563 2005 enim
609 1947 966 2025 ignorantiS,
1022 1961 1174 2024 quae
1233 1943 1306 2005 de
1355 1947 1707 2006 aeternitate
1755 1947 2087 2006 animorum
2135 1947 2436 2027 dicantur,
2495 1945 2570 2005 de

208 2041 411 2095 mente
461 2034 598 2114 dici,
644 2050 793 2112 quae
841 2034 1004 2093 omni
1041 2031 1281 2093 turbido
1320 2040 1488 2094 motu
1526 2052 1763 2113 semper
1799 2042 1984 2115 vacet,
2032 2052 2152 2096 non
2191 2035 2265 2095 de
2301 2034 2572 2115 partibus

206 2125 311 2205 iis,
371 2125 436 2183 in
494 2121 711 2202 quibus
767 2121 1199 2203 aegritudineS,
1253 2124 1375 2182 irae
1431 2120 1827 2202 libidinesque
1885 2132 2227 2205 versentur,
2293 2143 2439 2204 quas
2501 2124 2573 2203 is,

208 2219 421 2273 contra
478 2228 658 2290 quem
710 2211 857 2272 haec
913 2210 1225 2293 dicuntur,
1282 2219 1540 2272 semotas
1594 2229 1626 2270 a
1683 2219 1882 2272 mente
1942 2220 2004 2272 et
2049 2212 2338 2274 disclusas
2384 2219 2571 2292 putat.

207 2302 334 2364 lam
383 2299 708 2362 similitudo
755 2302 942 2380 magis
990 2298 1235 2380 adparet
1279 2302 1342 2361 in
1390 2299 1633 2382 bestiiS,
1680 2318 1931 2381 quarum
1980 2303 2161 2363 animi
2208 2310 2349 2364 sunt
2394 2304 2570 2363 ratio-

207 2394 306 2452 nis
354 2399 658 2470 expertes3
703 2389 1012 2451 hominum
1032 2397 1258 2450 ‘autem
1305 2389 1629 2450 similitudo
1676 2393 1738 2450 in
1787 2409 2108 2471 corporum
2154 2392 2343 2470 figura
2388 2393 2573 2470 magis

208 2487 435 2561 exstat,
504 2486 565 2539 et
623 2480 739 2558 ipsi
799 2480 980 2539 animi
1039 2481 1238 2558 magni
1297 2478 1488 2539 refert
1545 2479 1705 2558 quali
1764 2482 1825 2541 in
1887 2498 2138 2560 corpore
2200 2481 2376 2542 locati
2434 2483 2570 2541 sint.

206 2568 396 2630 Multa
445 2569 603 2628 enim
649 2585 681 2627 e
731 2584 983 2647 corpore
1033 2569 1329 2628 exsistunt
1376 2585 1527 2647 quae
1576 2577 1791 2629 acuant
1836 2579 2125 2650 mentem,
2182 2569 2365 2631 multa
2421 2586 2573 2648 quae

208 2656 563 2718 obtundant.
655 2655 1005 2717 Aristoteles
1053 2656 1293 2735 quidem
1341 2659 1423 2718 ait
1469 2674 1678 2717 omnes
1722 2658 2063 2736 ingeniosos
2116 2657 2572 2719 melancholicos

282 2865 632 2933 suscipiant,
667 2863 720 2919 d.
739 2863 778 2917 i.
817 2863 894 2918 ad
928 2863 1342 2930 defendendum.

209 2937 529 3005 suscipiant
541 2934 621 2989 ist
628 2935 748 2989 also
758 2935 919 2989 mehr
927 2933 1013 2989 als
1028 2935 1341 2990 concedant.

280 3013 353 3061 ut
393 3023 464 3060 ne
509 3037 576 3046 —
623 3007 883 3061 intereat.-
947 3005 1023 3059 So
1080 3004 1235 3060 steht
1278 3011 1344 3060 ut

206 3095 282 3132 ne
328 3078 478 3132 nach
524 3078 635 3132 den
669 3076 1038 3132 Ausdrficken
1082 3077 1342 3145 efficitur,

208 3150 466 3219 aequitem·
490 3148 606 3203 und
633 3146 954 3215 ahnlichem
984 3164 1149 3202 wenn
1181 3147 1344 3203 datin

208 3238 282 3274 zu
325 3219 477 3274 leich
513 3220 613 3275 der
648 3218 899 3274 Wunsch
936 3218 1072 3273 oder
1108 3219 1200 3274 die
1227 3218 1342 3273 Ab·

210 3291 295 3345 sie
340 3291 368 3344 t
408 3290 862 3361 ausgesprochen
909 3290 1075 3355 wird,
1132 3288 1340 3345 ebenso

207 3361 364 3416 nach
410 3362 522 3427 ita,
577 3378 738 3416 wenn
795 3378 857 3416 es
903 3360 1013 3416 den
1056 3359 1195 3415 Sinn
1240 3361 1344 3416 hat

214 3433 411 3487 ‘anter
473 3433 575 3487 der
635 3432 971 3503 Bedingung
1044 3431 1181 3487 oder
1244 3433 1344 3487 der

209 3503 586 3559 Voraussicht
622 3502 788 3558 dass'.
851 3502 905 3559 S.
936 3521 1005 3557 zu
1033 3501 1112 3556 111
1139 3509 1226 3573 33,
1254 3507 1340 3557 81.

284 3650 378 3701 79.
430 3646 723 3701 Panaetio.
774 3644 852 3699 ·S.
890 3644 1037 3699 Einl.
1079 3650 1111 3711 ἓ
1149 3651 1198 3701 6.
1274 3645 1343 3699 de

205 3719 311 3773 fin.
343 3715 422 3771 IV
458 3723 547 3786 28,
578 3723 645 3772 79
683 3734 892 3787 semper
927 3717 1120 3771 habuit
1155 3717 1219 3770 in
1254 3732 1345 3770 ore

210 3789 528 3844 Platonem.

286 3859 594 3915 Platonem.
657 3857 786 3914 Wie
823 3876 957 3913 man
983 3874 1085 3913 aus
1112 3857 1341 3912 Anthol.

207 3933 238 3987 I
279 3949 333 3986 c.
355 3936 450 3985 44:
488 3929 595 3994 Εἰς
629 3926 731 3985 τὸν
768 3931 1041 3984 Φαίδωνα
1077 3924 1343 3998 διάλογον

209 3999 531 4064 Πλάτωνος
556 3998 954 4072 νοθευόμενον
981 3995 1098 4056 ὑπὸ
1119 4003 1342 4054 Παναι-

206 4075 344 4129 τίου
383 4073 556 4142 nieht,
603 4073 850 4128 erklarte
896 4088 957 4127 er
1002 4070 1111 4126 den
1145 4070 1341 4126 Phado

206 4145 414 4201 Platon
478 4145 571 4199 ffir
634 4143 857 4200 unecht.
911 4173 979 4184 ——-
1034 4141 1343 4198 Det-selben

213 4215 364 4278 επεὶ
379 4216 649 4285 Beweise‚
679 4215 892 4270 welche
918 4214 1191 4269 Pantitius
1219 4213 1344 4269 hier

208 4285 532 4357 vorbringt‚
564 4285 830 4342 bediente
867 4285 988 4341 sich
1016 4284 1343 4352 Kleanthes,

210 4377 318 4415 um
367 4376 436 4413 zu
492 4358 797 4427 beweisen‚
855 4356 977 4412 dats
1034 4357 1126 4411 die
1184 4356 1343 4412 Seele

1450 2860 1774 2933 korperlich
1813 2862 2018 2934 (σῶμα)
2067 2864 2165 2921 sei.
2239 2864 2462 2920 Nemes.
2502 2864 2572 2920 de

1450 2934 1569 2989 nat.
1606 2933 1756 2990 hom.
1795 2951 1842 2990 c.
1880 2940 1932 2988 2.

1521 3006 1635 3060 volt
1668 3005 1722 3060 d.
1758 3006 1797 3059 i.
1837 3007 2126 3063 contendit.

1521 3077 1845 3144 aimaitudo,
1871 3079 1969 3147 qui
1986 3085 2372 3148 procreentur,
2413 3083 2572 3133 nam·

1449 3148 1568 3202 lich
1603 3163 1727 3203 omn
1762 3148 1837 3203 iis
1870 3150 1970 3218 qui
2001 3155 2442 3218 procreaverunt.

1521 3220 1664 3288 Καρ.
1704 3218 1803 3274 33.
1841 3224 1925 3274 80.
1965 3222 2032 3275 de
2065 3227 2237 3276 mente
2271 3222 2411 3276 diei:
2450 3220 2571 3275 ‘be-

1448 3289 1607 3345 ziehe
1646 3290 1767 3374 sich
1803 3291 1904 3345 anf
1936 3290 2045 3346 den
2082 3290 2285 3346 Geist'.

1453 3376 1784 3514 &gazaz-2⁸5
1801 3361 2572 3515 cgguaAfflimfglizstosmhman-

1449 3503 1720 3558 Pana‘mus
1784 3502 1871 3557 als
1935 3503 2162 3559 Stoiker
2222 3503 2385 3560 nicht
2446 3520 2570 3559 eme

1451 3573 1733 3643 derartige
1753 3574 2058 3646 Trennung
2075 3575 2173 3631 der
2187 3575 2574 3631 Seelenkraste

1451 3645 1559 3698 wie
1604 3642 1772 3699 Plato
1826 3662 1924 3713 an3
1981 3663 2044 3701 er
2096 3647 2251 3717 legte
2299 3646 2575 3703 vielmehr

1455 3715 1547 3770 die
1576 3714 1800 3771 Affekte
1835 3717 1895 3771 in
1930 3718 2030 3772 das
2064 3712 2425 3788 ἡγεμονικόν,
2463 3718 2573 3772 den

1454 3785 1849 3857 vemflnftigen
1884 3788 2008 3844 Teil
2045 3789 2144 3844 der
2180 3789 2357 3846 Seele.

1522 3859 1657 3925 iam,
1693 3847 1998 3930 Ubergang
2031 3877 2127 3915 zur
2166 3859 2574 3931 Widerlegung

1451 3929 1551 3984 des
1588 3932 1777 3986 ersten
1810 3932 2116 3987 Beweises:
2174 3931 2265 3985 die
2301 3918 2572 3985 Ahnlich·

1449 3999 1574 4056 keit
1608 3999 1689 4057 ist
1722 4002 2044 4072 korperlich
2081 4001 2216 4057 oder
2246 4002 2452 4058 beruht
2465 4000 2578 4075 *auf

1449 4072 1847 4142 korperlichen
1901 4071 2246 4143 Zustanden,
2310 4074 2427 4128 und
2489 4072 2571 4127 sie

1449 4143 1628 4198 findet
1653 4144 1775 4199 sich
1801 4143 1961 4199 nicht
1984 4143 2217 4199 fiberall.
2265 4144 2377 4199 Der
2402 4145 2571 4200 letzte

1449 4213 1641 4269 Punkt
1675 4215 1909 4270 beweist
1943 4214 2163 4271 freilich
2199 4215 2402 4271 nichts.

1522 4287 1856 4342 Aristoteles,
1910 4286 1988 4340 Er
2012 4286 2165 4342 lehrt
2190 4286 2372 4356 probl.
2404 4293 2489 4353 30,
2522 4292 2569 4350 1,

1454 4355 1576 4410 dass
1641 4357 1731 4412 die
1794 4356 2147 4426 korperliche
2207 4357 2569 4426 Disposition‚
