2902 4649
292 73 381 137 74
1079 72 1152 129 M.
1192 71 1440 127 TULLII
1478 70 1868 128 CICERONIS

290 256 533 322 quoque
588 241 829 319 generis
882 238 1117 301 laudem
1171 242 1287 301 iam
1342 239 1651 317 languenti
1697 239 1978 301 Graeciae
2034 242 2290 320 eripiant
2342 250 2405 301 et
2461 248 2666 301 trans*

293 330 489 391 ferant
532 330 597 390 in
651 329 804 390 hanc
860 327 1098 410 urbem,
1157 330 1315 391 sicut
1369 329 1632 408 reliquas
1688 346 1922 410 omnes,
1977 346 2128 408 quae
2186 329 2430 409 quidem
2484 339 2664 390 erant

289 417 686 499 expetendae,
734 417 932 480 studio
980 424 1167 498 atque⁴
1194 418 1493 480 industria
1531 435 1640 478 sua
1675 419 1931 480 maiores
1968 419 2164 481 nostri
2197 417 2659 481 transtulerunt.

290 508 487 587 Atque
544 514 848 569 oratorum
904 507 1144 586 quidem
1197 507 1328 568 laus
1381 509 1465 569 ita
1519 506 1699 568 ducta
1753 507 1827 568 ab
1881 506 2094 568 humili
2147 510 2309 569 venit
2361 507 2435 568 ad
2491 524 2659 568 sum·
2777 518 2784 525 '

292 615 485 677 mum,
531 604 600 657 ut
644 599 786 676 iam,
825 596 1003 675 -quod
1052 605 1260 657 natura
1306 598 1426 657 fert
1481 598 1546 657 in
1601 596 1879 658 omnibus
1934 596 2061 657 fere
2116 595 2327 677 rebus,
2380 604 2664 657 senescat

291 685 579 764 brevique
619 693 889 765 tempore
937 686 1011 749 ad
1046 685 1299 747 nihilum
1335 691 1587 747 ventura
1626 685 1917 767 videatur3
1965 684 2338 765 philosophia
2373 692 2662 746 nascatur

290 773 517 836 Latinis
564 773 807 853 quidem
851 773 1069 842 litteris
1115 793 1188 836 ex
1240 774 1337 836 his
1391 773 1765 853 temporibus
1819 793 2069 854 eamque
2126 792 2237 836 nos
2290 773 2664 854 adiuvemus,

291 880 522 941 nosque
568 863 731 942 ipsos
785 864 1065 943 redargui
1109 863 1420 943 refellique
1467 866 1780 943 patiamur.
1873 859 2045 934 Quod
2098 866 2144 924 ii
2198 864 2402 924 ferunt
2457 864 2662 923 animo

286 953 528 1032 iniquo,
581 953 687 1030 qui
732 953 914 1013 certis
961 951 1317 1031 quibusdam
1363 952 1794 1032 destinatisque
1842 954 2157 1015 sententiis
2212 954 2384 1031 quasi
2436 950 2666 1013 addicti

292 1049 355 1102 et
401 1042 737 1102 consecrati
785 1049 927 1102 sunt
963 1059 1151 1120 eaque
1191 1043 1547 1103 necessitate
1585 1043 1924 1124 constricti,
1970 1050 2038 1102 ut
2083 1043 2289 1122 etiam,
2336 1058 2489 1120 quae
2535 1058 2663 1100 non

290 1128 548 1210 probare
595 1129 850 1211 soleant,
896 1149 966 1191 ea
1013 1139 1302 1209 cogantur
1340 1132 1709 1192 constantiae
1747 1148 1924 1192 causa
1970 1129 2318 1192 defendere:
2365 1148 2506 1210 noS,
2553 1130 2666 1207 qui

292 1219 603 1297 sequimur
648 1217 972 1298 probabilia
1004 1210 1130 1279 'nec
1181 1218 1335 1280 ultra
1381 1237 1561 1299 quam
1599 1223 1686 1281 ad
1718 1219 1807 1301 id,
1854 1218 2014 1299 quod
2053 1222 2178 1280 veri
2216 1218 2407 1280 simile
2444 1235 2662 1279 occur-

291 1308 400 1389 rit,
444 1307 727 1386 progredi
771 1325 1117 1389 possumus,
1174 1316 1234 1369 et
1280 1307 1554 1370 refellere
1602 1311 1731 1370 sine
1777 1310 2105 1388 pertinacia
2161 1316 2223 1369 et
2274 1306 2470 1369 refelli
2523 1308 2662 1368 sine

264 1395 600 1473 iracundia
644 1399 835 1476 parati
881 1414 1105 1458 sumuS.

235 1503 274 1550 e
475 1483 647 1555 Quod
687 1487 738 1546 si
773 1485 921 1546 haec
961 1485 1154 1546 studia
1192 1484 1465 1547 traducta
1502 1494 1682 1547 erunt
1728 1485 1799 1546 ad
1843 1495 2109 1566 nostroS,
2154 1504 2232 1547 ne
2277 1484 2662 1548 bibliothecis

295 1573 538 1654 quidem
586 1573 827 1636 Graecis
883 1573 1217 1657 egebimuS,
1282 1577 1344 1636 in
1409 1574 1631 1654 quibus
1695 1574 2012 1636 multitudo
2072 1574 2303 1635 infinita
2363 1573 2660 1634 librorum

292 1670 539 1745 propter
595 1680 804 1724 eorum
868 1673 962 1725 est
1022 1663 1496 1745 multitudinem,
1554 1665 1667 1743 qui
1727 1666 2118 1743 scripserunt.
2208 1663 2432 1724 Eadem
2497 1663 2660 1723 enim

294 1752 578 1813 dicuntur
623 1770 657 1812 a
702 1750 934 1833 multis,
980 1771 1052 1813 ex
1100 1771 1219 1832 quo
1266 1750 1436 1813 libris
1483 1754 1681 1813 omnia
1718 1753 2108 1813 referserunt.
2204 1751 2377 1823 Quod
2424 1750 2659 1812 accidet

296 1843 473 1902 etiam
521 1843 770 1922 nostris,
825 1843 876 1902 si
923 1840 995 1902 ad
1039 1841 1187 1902 haec
1234 1840 1431 1902 studia
1477 1841 1682 1920 plures
1729 1841 2145 1904 confluxerint.
2239 1840 2356 1902 Sed
2416 1858 2549 1920 eos,
2607 1842 2660 1900 si

227 1981 275 2044 3
295 1947 616 2010 possumus
628 1977 647 2010 ,
691 1931 1046 2010 excitemuS,
1102 1932 1205 2009 qui
1259 1928 1585 1990 liberaliter
1642 1929 1863 1991 eruditi
1918 1929 2178 1991 adhibita
2235 1932 2414 1991 etiam
2469 1928 2657 1990 disse·

238 2057 274 2106 '1
294 2017 468 2080 rendi
516 2018 807 2097 elegantia
852 2021 1082 2080 ratione
1130 2027 1193 2079 et
1237 2021 1343 2079 via
1372 2017 1886 2099 philosophantur.
1978 2018 2087 2079 Est
2143 2021 2302 2079 enim
2357 2016 2660 2097 quoddam

292 2126 483 2188 genus
522 2125 757 2187 eorum,
805 2108 908 2186 qui
955 2126 1019 2168 se
1061 2107 1447 2188 philosophos
1486 2106 1770 2187 appellari
1806 2107 2038 2189 volunt,
2077 2125 2334 2186 quorum
2371 2106 2661 2168 dicuntur

277 2213 425 2257 ‘esse
472 2194 667 2256 Latini
715 2214 855 2257 sane
903 2190 1077 2258 multi
1121 2196 1285 2276 libri,
1338 2214 1490 2275 quos
1535 2215 1655 2257 non
1703 2208 2024 2261 contemno
2069 2196 2373 2278 equidem,
2430 2197 2655 2275 quippe

293 2303 444 2367 quos
492 2302 815 2364 numquam
863 2284 1135 2367 legerim3
1182 2284 1287 2346 sed
1327 2288 1466 2365 quia
1503 2285 1864 2365 profitentur
1900 2287 2015 2368 ipsi
2060 2284 2173 2369 illi,
2221 2287 2324 2365 qui
2363 2302 2465 2346 eos
2506 2285 2655 2347 scri·

293 2375 470 2455 bunt,
517 2392 581 2455 se
628 2392 825 2453 neque
873 2374 1150 2436 distincte
1200 2392 1394 2453 neque
1442 2374 1790 2459 distribute,
1845 2394 2041 2455 neque
2104 2375 2407 2455 eleganter
2460 2392 2659 2453 neque

290 2471 502 2523 ornate
542 2461 827 2543 scribere,
854 2461 1174 2524 lectionem
1211 2466 1340 2524 sine
1378 2463 1497 2525 ulla
1536 2463 1927 2526 delectatione
1964 2464 2230 2544 neglego.
2298 2463 2454 2536 Quid
2494 2464 2658 2524 enim

290 2549 495 2613 dicant
531 2560 593 2612 et
628 2552 771 2630 quid
809 2553 1070 2613 sentiant
1110 2553 1182 2634 ii,
1231 2554 1334 2631 qui
1380 2560 1522 2614 sunt
1567 2552 1641 2613 ab
1688 2571 1759 2613 ea
1804 2550 2141 2635 disciplina,
2188 2571 2363 2614 nemo
2410 2570 2491 2615 ne
2536 2569 2659 2612 me·

369 2764 420 2813 5.
455 2758 699 2827 reliquas
742 2773 949 2825 omnes,
1004 2758 1256 2814 namlich
1303 2760 1422 2815 lau·

289 2831 414 2896 des,
450 2828 764 2884 n‘ihmliche
802 2828 1242 2900 Bostrebungen.

291 2973 330 3027 b
366 2917 505 3024 quae
525 2916 636 3024 gg„
616 2900 759 3024 idem.ke
783 2905 977 3024 Ierfntl·
1033 2900 1166 2970 Vgl.
1205 2899 1421 2957 densel-

333 2988 409 3026 en
493 2987 522 3024 e
709 2988 748 3023 n
891 3011 905 3035 ‚
982 3013 995 3026 .

364 3046 632 3097 senescat.-
710 3038 818 3096 mit
881 3040 1176 3097 dei-selben
1238 3040 1421 3112 Klage

291 3114 432 3169 iiber
469 3111 581 3167 den
604 3110 821 3167 Verfall
859 3111 958 3166 der
992 3110 1421 3167 Beredsamkeit

291 3182 547 3240 schliefst
603 3182 716 3238 Cic.
782 3181 973 3238 seinen
1034 3183 1238 3237 Brutus
1304 3183 1420 3237 und

291 3255 509 3327 spricht
543 3255 625 3309 sie
662 3254 1008 3309 andei-warte
1046 3254 1131 3309 oft
1167 3270 1280 3308 aus.

365 3343 432 3382 eoe
476 3328 563 3381 his
612 3326 969 3394 temporibus,
1029 3324 1263 3394 ‘infolge
1320 3325 1421 3381 der

282 3397 543 3468 jetzigen·
571 3395 1107 3462 Zeitverhaltnisse’,
1147 3395 1239 3451 die
1270 3395 1418 3452 viele

293 3486 424 3524 vom
463 3466 842 3522 Staatsdienst
885 3467 1417 3523 zuriickschrecken.

367 3538 578 3593 addicti
632 3543 683 3591 et
733 3539 1058 3593 consecrati:
1114 3539 1213 3593 das
1269 3541 1418 3594 erste

293 3611 370 3664 ist
426 3607 723 3664 stehender
769 3609 1069 3663 Ausdruck
1122 3626 1233 3665 von
1289 3609 1418 3664 dem

294 3681 596 3751 Eigentum
613 3722 626 3746 ‚
654 3678 755 3733 das
776 3679 932 3734 einer
948 3679 1158 3735 Person
1175 3681 1420 3751 gei-icht-

294 3752 413 3807 lich
441 3750 857 3820 zugesprochen
885 3749 1053 3819 wird,
1086 3751 1186 3805 das
1214 3752 1422 3806 andere

294 3840 410 3905 ven
462 3821 616 3889 dem,
672 3837 790 3875 was
846 3820 998 3903 einer
1045 3820 1306 3877 Gottheit
1355 3840 1422 3876 zu

293 3890 956 4045 elgslllrgquaejabgnffvd,
991 3963 1153 4032 quod.
1215 3962 1241 4015 I
1270 3969 1321 4031 9,
1350 3968 1419 4045 J?

292 4037 446 4090 ultro
471 4050 579 4104 quo
600 4034 946 4104 progrediar,
975 4050 1141 4103 quam
1168 4039 1246 4088 ut.
1298 4034 1418 4088 Liv.

296 4108 375 4162 ΙΙΙ
413 4111 463 4172 8,
502 4111 534 4160 5
579 4121 694 4160 mm
729 4106 881 4161 “lbra
914 4122 1081 4175 quam
1116 4105 1181 4160 in
1216 4105 1421 4160 Herni-

292 4193 388 4234 cos
417 4175 679 4246 procedit.

371 4255 421 4305 6.
458 4264 526 4304 ex
559 4263 692 4318 que,
728 4247 1158 4318 infolgedessen.

1600 2760 1904 2816 disserendi
1948 2760 2249 2828 elegantia,
2307 2758 2437 2814 ‘mit
2488 2758 2660 2829 Sorg-

1528 2828 1637 2885 salt
1671 2829 1766 2885 bei
1804 2831 1903 2885 der
1929 2830 2408 2899 Untersuchung’.
2467 2828 2522 2884 S.
2553 2848 2604 2884 z.
2632 2829 2661 2882 I

1529 2906 1626 2969 23,
1676 2906 1760 2956 55.
1836 2901 1907 2957 de
1950 2901 2044 2957 fin.
2092 2901 2148 2956 11
2194 2907 2254 2970 9,
2300 2906 2371 2956 26
2410 2902 2665 2969 primum

1528 2972 1720 3028 divisit
1745 2973 2107 3043 ineleganter,
2146 2973 2258 3027 duo
2285 2972 2430 3027 enim
2455 2987 2662 3040 ymera

1529 3058 1669 3111 quae
1712 3048 1896 3110 erant,
1949 3044 2080 3111 fecit
2134 3044 2264 3097 ὑηνία.
2303 3073 2372 3083 --
2409 3041 2521 3099 Sed
2556 3042 2684 3098 hoc·

1526 3128 1660 3170 sane
1704 3115 2073 3171 concedamus.
2150 3114 2459 3170 contemnit
2513 3114 2663 3169 enim

1527 3184 1830 3267 disserendi
1882 3186 2233 3255 eleyamtiam,
2299 3185 2523 3252 confuse
2579 3185 2657 3240 10-

1528 3260 1814 3381 quqzzam
1848 3332 1900 3382 et
1932 3328 2055 3394 via,
2094 3326 2225 3382 ‘mit
2259 3326 2569 3383 Methode’.

1597 3397 1739 3466 Καρ.
1796 3398 1857 3454 3.
1932 3404 1981 3453 ’1.
2043 3414 2214 3467 genus
2277 3414 2491 3453 eorm.-
2555 3398 2659 3453 der

1529 3467 1725 3523 Genet.
1763 3469 1840 3523 ist
1876 3467 2114 3524 Genetiv
2147 3469 2246 3523 des
2272 3468 2488 3524 Inhalts
2524 3486 2571 3525 s.
2608 3488 2652 3525 z.

1484 3541 1494 3549 ‘
1526 3537 1553 3591 I
1571 3544 1603 3604 ξ
1624 3545 1711 3594 34.
1750 3538 2009 3595 Gemeint
2027 3538 2153 3594 sind
2172 3539 2348 3595 Leute
2367 3539 2474 3594 wie
2486 3542 2656 3594 Ama-

1528 3608 1694 3664 finius
1732 3609 1848 3664 und
1885 3610 2171 3679 Rabirius,
2207 3610 2322 3679 vgl.
2349 3609 2499 3665 Einl.
2535 3615 2568 3676 ἓ
2607 3616 2656 3666 7.

1601 3682 1857 3737 distincte
1919 3682 2141 3736 bezieht
2209 3679 2333 3736 sich
2400 3682 2503 3736 auf
2562 3679 2656 3736 die

1529 3752 1705 3807 Wahl
1730 3753 1830 3808 der
1848 3753 2141 3808 einzelnen
2162 3751 2512 3819 Ausdriicke‚
2540 3753 2653 3808 dis·

1531 3824 1735 3878 tribute
1810 3823 1914 3879 auf
1977 3823 2071 3879 die
2121 3823 2495 3893 ‘Anordnung
2556 3822 2656 3879 des

1532 3893 1780 3961 Ganzen,
1808 3896 2078 3965 eleyanter
2095 3894 2311 3949 erklart
2327 3893 2449 3949 sich
2479 3893 2658 3950 durch

1530 3965 1644 4038 das=
1670 3964 1837 4035 obige
1873 3966 2177 4022 disserendi
2210 3966 2501 4035 elegantia.
2626 3993 2632 3998 ·

1601 4037 1878 4092 lectionem
1926 4038 2046 4092 sine
2090 4067 2158 4077 —
2204 4037 2388 4093 delect.
2461 4035 2593 4105 Vgl.
2630 4036 2658 4090 Ι

1531 4112 1627 4175 49,
1669 4113 1769 4163 116
1806 4114 2001 4164 mortes
2037 4125 2161 4163 eum
2194 4108 2394 4177 gloria.

1601 4179 1700 4247 qui
1733 4184 1865 4235 mat
1898 4180 1969 4235 ab
1997 4195 2064 4234 ea
2089 4178 2425 4247 disciplina.-
2462 4176 2656 4234 Nach-

1529 4248 1779 4320 ahmung
1833 4250 1931 4305 des
1977 4248 2382 4306 Griechioehen
2432 4245 2494 4304 οῖ
2533 4244 2653 4304 ἀπὸ
