2902 4649
536 140 1136 197 TUSCULANARUM
1171 142 1784 198 DISPUTATIONUM
1821 144 1913 199 IV.
1952 151 2182 200 48—52.
2456 144 2535 208 ’Π

200 304 419 371 iratus?
473 308 615 369 Vide
663 327 738 369 ne
786 309 1074 370 fortitudo
1122 311 1363 370 minime
1412 311 1490 371 sit
1535 309 1770 371 rabiosa
1818 312 2014 390 sitque
2061 310 2369 372 iracundia
2415 319 2540 372 tota

198 398 468 479 levitatis;
513 415 708 477 neque
754 400 915 458 enim
952 405 1044 459 est
1080 396 1198 459 ulla
1245 398 1559 478 fortitudo,
1608 417 1758 478 quae
1798 401 2047 460 rationis
2094 407 2187 461 est
2233 418 2466 480 expers,

362 485 839 548 Contemnendae
887 504 985 546 res
1030 485 1321 547 humanae
1370 495 1538 568 sunt,
1584 487 1950 568 neglegenda
1995 507 2159 549 mors
2208 496 2334 568 est,
2389 491 2536 568 pati·
2559 524 2625 573 51

196 575 334 637 biles
392 583 488 637 et
511 575 749 636 dolores
810 583 870 636 et
928 574 1163 636 labores
1226 575 1493 656 putandi.

1582 575 1741 637 Haec
1807 595 1945 638 cum
2009 580 2333 639 constituta
2397 585 2539 639 sunt

196 665 403 726 iudicio
452 672 628 743 atque
677 666 999 744 sententia,
1056 672 1184 724 tum
1232 672 1324 725 est
1375 664 1623 726 robusta
1678 665 1776 725 illa
1833 676 1893 727 et
1949 664 2176 727 stabilis
2231 666 2539 746 fortitudo,

195 755 303 815 nisi
347 754 528 833 forte,
576 771 729 832 quae
776 752 1184 831 vehementer,
1232 756 1481 834 acriter,
1538 755 1802 815 animose
1852 755 2028 836 fiunt,
2075 754 2359 815 iracunde
2407 755 2538 816 fieri

195 844 572 922 suspicamur.
663 839 809 902 Mihi
860 859 933 901 ne
983 840 1183 920 Scipio
1232 842 1475 920 quidem
1530 841 1656 923 ille,
1712 843 1979 922 pontifex
2035 861 2349 904 maxumus
2360 891 2378 923 ,
2435 844 2539 922 qui

193 929 297 992 hoc
343 929 683 992 Stoicorum
728 948 937 991 verum
986 947 1118 990 esse
1166 929 1514 1009 declaravit,
1561 949 1884 1010 numquam
1922 934 2220 1011 privatum
2267 950 2399 992 esse
2449 949 2539 991 sa-

191 1021 471 1100 pientem,
535 1021 727 1080 iratus
791 1018 1029 1078 videtur
1094 1019 1280 1080 fuisse
1337 1019 1425 1079 Ti.
1474 1018 1741 1081 Graccho
1807 1029 1963 1100 tum,
2028 1038 2165 1081 cum
2230 1019 2540 1081 consulem
2644 1022 2652 1028 “

192 1108 561 1187 languentem
608 1107 849 1186 reliquit
905 1115 1084 1186 atque
1140 1110 1267 1187 ipse
1322 1109 1619 1189 privatus»,
1679 1118 1746 1169 ut
1806 1111 1859 1169 si
1919 1107 2130 1170 consul
2189 1117 2373 1188 esset,
2436 1110 2540 1188 qui

191 1214 310 1257 rem
353 1196 653 1277 publicam
700 1195 918 1257 salvam
967 1213 1097 1256 esse
1145 1195 1390 1277 vellent,
1444 1215 1510 1257 se
1557 1199 1729 1276 sequi
1775 1199 1969 1258 iussit.
2058 1196 2272 1258 Nescio
2320 1196 2538 1276 ecquid
2559 1212 2628 1261 52

190 1285 298 1365 ipsi
342 1304 451 1347 nos
499 1285 734 1347 fortiter
792 1287 854 1345 in
910 1302 975 1345 re
1033 1284 1270 1364 publica
1326 1286 1675 1347 fecerimus:
1731 1288 1784 1346 si
1839 1286 1983 1364 quid
2039 1287 2317 1366 fecimuS,
2371 1293 2538 1346 certe

189 1374 318 1434 irati
361 1392 485 1435 non
531 1375 799 1435 fecimus.
891 1373 982 1434 An
1028 1382 1121 1435 est
1176 1375 1497 1453 quicquam
1544 1374 1797 1436 similius
1851 1376 2117 1435 insaniae
2174 1393 2351 1454 quam
2405 1370 2539 1435 ira‘?

191 1480 361 1541 quam
405 1462 563 1524 hene
609 1461 840 1524 Ennius
885 1463 1122 1523 initium
1169 1461 1317 1522 dixit
1362 1464 1646 1524 insaniae.
1738 1462 1916 1523 Color
1963 1481 2101 1544 vox,
2161 1463 2320 1524 oculi
2366 1464 2539 1542 spiri·

190 1558 306 1633 tua,
351 1554 683 1631 inpotentia
730 1551 1029 1612 dictorum
1087 1568 1155 1611 ac
1216 1552 1512 1612 factorum
1573 1570 1749 1631 quam
1808 1558 2040 1632 partem
2100 1551 2322 1613 habent
2383 1553 2536 1612 sani-

69 1705 76 1712 ,
190 1636 360 1701 tatis‘?
454 1639 612 1711 Quid
656 1639 883 1700 Achille
929 1638 1246 1700 Homerico
1295 1639 1556 1720 foediUS,
1613 1640 1755 1719 quid
1803 1641 2241 1719 Agamemnone
2299 1642 2359 1699 in
2416 1642 2537 1700 iur-

190 1724 321 1806 gio?
408 1728 561 1789 Nam
615 1728 855 1789 Aiacem
909 1727 1151 1806 quidem
1210 1730 1297 1788 ira
1355 1730 1428 1788 ad
1486 1730 1753 1790 furorem
1809 1737 2182 1809 mortemque
2238 1728 2537 1809 perduxit.

189 1815 310 1877 Non
355 1819 542 1900 igitur
589 1816 888 1878 desiderat
933 1816 1220 1877 fortitudo
1269 1816 1609 1878 advocatam
1655 1818 2052 1879 iracundiam:
2116 1820 2260 1878 satis
2307 1825 2400 1878 est
2445 1819 2534 1877 in-

190 1912 431 1987 structa,
491 1913 721 1986 parata,
777 1913 998 1967 armata
1058 1924 1167 1985 per
1229 1923 1379 1967 sese.
1471 1905 1621 1966 Nam
1680 1909 1796 1967 isto
1857 1905 2099 1985 quidem
2161 1905 2335 1966 modo
2394 1905 2537 1967 licet

188 1994 377 2055 dicere
414 1994 628 2056 utilem
666 1993 1048 2054 vinolentiam
1088 1993 1159 2055 ad
1208 1993 1647 2075 fortitudinem,
1696 1994 1903 2070 utilem
1941 1997 2120 2056 etiam
2158 1994 2536 2074 dementiam,

189 2082 335 2162 quod
383 2093 449 2145 et
494 2084 690 2144 insani
736 2090 797 2152 et
842 2082 992 2143 ebrii
1040 2082 1222 2144 multa
1269 2083 1496 2144 faciunt
1543 2101 1720 2163 saepe
1758 2084 2189 2144 vehementius
2283 2082 2538 2162 Semper

187 2171 320 2233 Aiax
366 2172 981 2251 forti8,.fortissimus
1026 2179 1224 2232 tamen
1272 2173 1335 2232 in
1381 2171 1613 2252 furore3
1661 2190 1797 2233 nam

349 2278 630 2356 facinus
649 2277 808 2355 fecit
849 2275 1205 2355 maximum,
1255 2295 1393 2341 eum
1441 2274 1681 2339 Danais
1727 2275 2162 2341 inclinantibus

353 2366 653 2431 summam
698 2384 829 2429 rem
866 2365 1162 2445 perfecit,
1209 2385 1395 2429 manu
1442 2366 1559 2428 sud
1607 2370 1875 2428 restituit
1911 2367 2213 2446 proe'lium

355 2456 687 2519 insaniens.

183 2609 279 2664 ihn
324 2611 387 2665 in
440 2610 629 2665 Athen
677 2609 808 2664 dem
856 2607 1079 2678 Apollo.
1155 2608 1301 2662 Plut.

184 2679 678 2889 'sslffissatgmgig
702 2757 779 2806 est
814 2767 1032 2820 eaepers:
1068 2749 1184 2820 vgl.
1212 2749 1305 2804 die

233 2839 262 2878 e
412 2840 489 2878 on

250 2894 393 2977 ΚιιΡ.
431 2894 532 2950 28.
606 2899 692 2948 51.
731 2893 1020 2963 patibiles,
1074 2890 1200 2946 hier
1243 2891 1303 2945 in

184 2964 588 3032 passivischem
616 2963 804 3020 Sinne.
868 2965 983 3019 Das
1013 2963 1176 3018 Wort
1203 2963 1304 3016 fin-

185 3034 279 3089 det
313 3035 436 3091 sich
474 3054 581 3091 nur
615 3037 764 3091 noch
800 3034 1011 3090 einmal
1054 3034 1150 3088 bei
1188 3033 1302 3090 cio.

183 3106 294 3161 und
330 3123 484 3162 zwar
520 3106 804 3162 aktivisch
839 3105 1167 3175 gebraucht.
1233 3105 1303 3159 de

182 3176 328 3232 deor.
367 3196 423 3236 n.
471 3177 555 3230 III
609 3184 702 3245 12,
750 3183 819 3232 29
874 3193 1098 3246 cwnque
1151 3191 1307 3232 omne

183 3250 396 3304 animal
423 3249 716 3318 patibilem
750 3253 1014 3303 natm-am
1049 3248 1261 3303 habeat

255 3318 324 3374 P.
364 3320 525 3389 Scipv
527 3335 559 3374 ο
594 3319 810 3375 Nasica
845 3318 1079 3387 Serapio
1122 3319 1304 3374 totete

186 3395 286 3445 133
324 3391 415 3445 als
451 3391 815 3445 Privatmann
860 3406 935 3444 an
979 3389 1078 3444 der
1116 3389 1192 3459 Sp
1194 3389 1306 3444 itze

184 3460 281 3515 der
316 3460 650 3544 optimaten
686 3461 796 3516 den
834 3460 958 3515 Tib.
999 3408 1302 3529 Gracchus,

184 3529 268 3586 als
316 3532 501 3589 dieser
545 3533 691 3587 eben
735 3549 862 3586 zum
907 3531 1117 3586 dritten
1152 3502 1311 3586 Male,¹

182 3619 307 3657 zum
336 3603 554 3658 Tribun
580 3603 832 3673 gewahlt
857 3602 1081 3658 werden
1118 3602 1300 3657 sollte.

183 3671 296 3729 Cio.
334 3674 593 3730 erwfilmt
628 3674 718 3730 die
757 3674 909 3728 That
952 3673 1155 3728 immer
1197 3691 1304 3728 nur

180 3745 460 3827 rflhmend
512 3745 628 3799 und
684 3744 1000 3814 vergleicht
1060 3744 1141 3799 sie
1195 3743 1304 3800 mit

185 3814 398 3871 seinem
432 3816 733 3871 Auftreten
768 3832 953 3887 gegen
991 3814 1252 3870 Catilina

425 3888 862 3956 namprivatwm
888 3888 1021 3956 cet„
1051 3885 1142 3940 ein
1170 3886 1305 3941 stoi·

187 3958 348 4013 sches
441 3958 740 4014 aradoxon
816 3957 968 4013 Stob.
1007 3929 1119 4012 ecl
1158 3956 1212 4011 ΙΙ
1247 3976 1303 4027 Ρ.

186 4031 292 4083 206
346 4028 493 4084 κατὰ
549 4029 719 4084 τοῦτο
774 4025 845 4098 δὴ
901 4028 1000 4082 καὶ
1022 4024 1221 4114 μόνος
1271 4023 1302 4082 ὃ

188 4101 497 4163 σπουδαῖος
531 4095 696 4169 ἄρχει
745 4099 842 4154 καὶ
881 4096 935 4153 εἰ
968 4094 1043 4186 μὴ
1081 4094 1307 4161 πάντως

189 4165 317 4224 κατ’
360 4166 680 4257 ἐνέργειαν,
725 4167 871 4225 κατὰ
926 4166 1193 4224 διάθεσιν
1240 4168 1304 4225 δὲ

190 4240 286 4294 καὶ
322 4237 562 4305 πάντως.
637 4241 726 4297 Da
761 4243 862 4296 der
897 4240 1086 4296 Weise
1132 4240 1306 4295 allein

191 4310 369 4381 vollig
404 4312 676 4381 vel-steht,
725 4330 841 4368 was
878 4314 982 4383 gut
1017 4312 1134 4367 und
1169 4312 1305 4368 bose

1412 2607 1518 2678 ist,
1556 2624 1617 2662 so
1655 2607 1733 2663 ist
1760 2624 1820 2663 er
1846 2609 1992 2663 auch
2020 2608 2193 2663 allein
2220 2626 2346 2662 zum
2367 2609 2534 2663 Herr-

1414 2650 1576 2734 sch'er
1609 2678 1883 2748 befahigt.

1485 2751 1756 2805 comulem
1784 2751 2154 2820 languentem,
2181 2749 2311 2804 dem
2330 2749 2390 2804 Ρ.
2413 2749 2534 2804 Mu-

1412 2820 1532 2875 cius
1612 2820 1877 2889 Scavola,
1954 2820 2200 2875 welcher
2271 2820 2537 2889 erklartffi

1412 2889 1634 2975 Gemi-‚lt
1667 2890 1829 2946 nicht
1865 2892 2173 2946 anwenden
2210 2910 2279 2946 zu
2311 2893 2534 2947 wellen.

1413 2979 1739 3088 Diffwsseff
1749 2979 1840 3088 affe
1877 2964 2176 3090 ἶιθῖἷῖῑιῖῗιῖι
2184 2979 2404 3089 Ἐἷῖιιῖθ
2445 2980 2537 3090 “1⁸12

1413 3104 1627 3160 diesem
1665 3104 1841 3160 Falle.
1917 3106 2061 3162 Vell.
2089 3106 2213 3160 Pat.
2251 3105 2304 3159 II
2342 3112 2374 3160 3
2412 3107 2536 3161 hor-

1414 3181 1566 3232 tatus
1617 3182 1721 3244 est,
1775 3178 1873 3246 qui
1915 3177 2125 3232 salvam
2177 3177 2371 3230 vellent
2423 3193 2536 3231 rem

1403 3248 1719 3316 publicam,
1763 3264 1819 3302 se
1854 3252 2217 3317 sequerentur.
2291 3244 2418 3299 Val.
2457 3246 2532 3300 M.

1412 3318 1492 3372 ΠΙ
1530 3324 1705 3386 2,1’1
1758 3319 1871 3389 Qui
1914 3334 2025 3372 rem
2065 3334 2124 3387 Ρ.
2170 3318 2381 3373 salvam
2424 3333 2535 3373 ,esse

1411 3391 1632 3457 volwnt,
1674 3405 1756 3444 me
1789 3393 2103 3458 sequantur.

1483 3465 1568 3514 52.
1609 3459 1809 3515 Nescio
1835 3459 2028 3529 ecquid
2061 3459 2265 3514 driiekt
2288 3458 2414 3513 hier
2441 3458 2533 3513 die

1409 3532 1747 3600 Erwartung
1777 3532 1930 3586 einer
1955 3529 2252 3601 Bejahung
2286 3547 2405 3585 aus.
2476 3530 2532 3587 S.

1344 3602 1679 3669 ‘z.‚1114
1718 3607 1804 3656 32.

1482 3643 1820 3741 inpotentia,
1866 3671 2094 3741 Mangel
2139 3689 2212 3726 an
2250 3672 2533 3727 Selbstbe—

1411 3743 1783 3814 herrschung,
1818 3742 2249 3813 Mafslosigkeit.

1484 3812 2090 3870 Achate:110m.11.1
2130 3814 2299 3871 1221'.

1485 3885 1655 3952 Nam,
1691 3904 1734 3940 s.
1772 3885 1922 3942 z.111
1954 3890 2046 3954 16,
2074 3890 2161 3939 35.
2217 3858 2534 3954 UherAjax

1414 3976 1456 4010 s.
1499 3954 1602 4011 Od.
1640 3956 1719 4011 XI
1757 3927 2057 4012 543-560’.

1486 4029 1806 4083 advocatam
1831 4027 2213 4093 iracundiam,
2251 4026 2343 4081 die
2379 4025 2533 4081 Hilfe
2649 4068 2655 4075 .

1414 4098 1516 4153 des
1549 4099 1773 4158 Zornes.
1826 4098 1959 4170 Vgl.
1987 4098 2039 4152 V
2069 4102 2286 4167 38,111
2317 4099 2532 4168 sapien-

1413 4171 1486 4227 tis
1522 4171 1780 4240 eoyitatio
1823 4185 1938 4225 uon
1980 4169 2146 4238 ferme
2192 4171 2266 4224 ad
2310 4170 2534 4225 iuvesti-

1412 4243 1661 4313 gandum
1695 4242 1916 4297 adhibet
1950 4241 2133 4297 oeulos
2169 4241 2477 4297 advocatos.

1484 4313 1708 4381 facinus
1733 4312 1879 4380 fecit.
1929 4316 2044 4368 Ans
2063 4313 2337 4368 welchem
2356 4311 2535 4367 Stiick

2559 447 2644 511 23
