2902 4649
339 163 469 227 102
1127 163 1203 220 Μ.
1242 162 1488 218 TULLII
1523 161 1908 218 CICERONIS

338 332 596 410 cognitio
643 349 858 394 nomen
918 347 1125 391 eorum
1184 330 1256 391 ad
1312 347 1581 391 errorem
1629 328 1860 391 fabulae
1906 317 2284 391 traduxisset.
2378 329 2426 389 A
2474 327 2695 409 quibus

337 420 503 480 ducti
548 418 828 500 deinceps
876 414 1119 499 omnes,
1178 421 1281 499 qui
1333 421 1397 480 in
1453 436 1657 480 rerum
1714 418 2210 499 contemplatione
2268 418 2467 480 studia
2509 436 2695 497 pone·

337 508 497 589 bant,
544 510 842 588 sapientes
880 517 941 569 et
975 507 1350 569 habebantur
1387 516 1449 569 et
1485 506 1963 588 nominabantur,
2007 506 2190 587 idque
2227 526 2437 569 eorum
2475 524 2698 568 nomen

335 615 528 677 usque
586 596 658 657 ad
712 596 1080 677 Pythagorae
1136 598 1393 658 manavit
1447 604 1729 677 aetatem,
1798 614 2002 678 quem,
2067 606 2135 658 ut
2192 596 2402 658 scribit
2457 595 2693 658 auditor

336 684 599 748 Platonis
634 685 920 748 Ponticus
957 685 1320 766 Heraclides,
1357 687 1447 746 vir
1483 685 1698 747 doctus
1734 687 1798 746 in
1835 688 2062 766 primiS,
2107 685 2449 747 Phliuntem
2487 686 2693 747 ferunt

335 778 569 836 venisse
607 793 864 854 eumque
902 793 1039 836 cum
1076 774 1322 856 Leonte,
1367 776 1639 855 principe
1676 773 2090 855 Phliasiorum,
2136 774 2311 836 docte
2351 783 2413 837 et
2448 776 2691 854 copiose

337 863 691 925 disseruisse
748 864 1053 943 quaedam.
1145 863 1330 925 Cuius
1384 865 1692 943 ingenium
1745 871 1807 924 et
1864 862 2262 943 eloquentiam
2319 882 2457 925 cum
2509 862 2692 924 admi·

336 961 502 1014 ratus
549 961 709 1014 esset
752 952 943 1034 Leon,
1000 955 1362 1033 quaesivisse
1420 971 1494 1013 ex
1540 971 1640 1034 eo,
1696 970 1811 1031 qua
1858 954 2110 1014 maxime
2158 959 2285 1014 arte
2333 952 2693 1034 confideret3

336 1051 393 1102 at
456 1040 623 1102 illum
688 1050 879 1104 artem
933 1042 1173 1122 quidem
1231 1060 1295 1102 se
1352 1043 1509 1102 scire
1568 1040 1817 1122 nullam,
1882 1041 1988 1102 sed
2053 1058 2186 1102 esse
2250 1039 2694 1122 philosophum.

281 1127 314 1176 9
334 1129 704 1191 Admiratum
750 1130 1034 1192 Leontem
1081 1133 1403 1192 novitatem
1450 1131 1707 1191 nominis
1755 1133 2149 1213 quaesivisse,
2196 1133 2439 1211 quinam
2483 1139 2691 1193 essent

332 1219 670 1299 philosophi
731 1230 790 1282 et
850 1218 993 1300 quid
1052 1221 1210 1281 inter
1271 1238 1374 1280 eos
1436 1227 1499 1279 et
1557 1218 1822 1298 reliquos
1882 1221 2228 1300 interesset3
2290 1219 2689 1300 Pythagoram

333 1319 531 1370 autem
580 1308 961 1389 respondisse
1008 1309 1261 1370 similem
1308 1307 1423 1369 sibi
1460 1307 1649 1369 videri
1686 1310 1863 1370 vitam
1908 1308 2216 1370 hominum
2253 1318 2314 1370 et
2355 1317 2689 1370 mercatum

334 1415 497 1476 eum,
564 1400 666 1476 qui
729 1397 1052 1459 baberetur
1116 1414 1393 1459 maxumo
1460 1396 1740 1459 ludorum
1802 1396 2085 1477 adparatu
2151 1401 2336 1459 totius
2402 1397 2689 1460 Graeciae

334 1484 696 1547 celebritate.
796 1486 943 1547 Nam
1008 1494 1075 1547 ut
1139 1487 1258 1547 illic
1324 1486 1424 1547 alii
1487 1485 1843 1566 corporibus
1906 1488 2247 1549 exercitatis
2314 1486 2563 1567 gloriam
2631 1495 2694 1548 et

334 1573 702 1635 nobilitatem
748 1592 1002 1636 coronae
1050 1583 1354 1656 peterent,
1410 1575 1510 1635 alii
1556 1574 1791 1635 emendi
1837 1583 1939 1636 aut
1984 1575 2278 1637 vendendi
2325 1585 2578 1656 quaestu
2628 1583 2690 1636 et

331 1662 499 1724 lucro
556 1662 948 1745 ducerentur,
1004 1671 1163 1725 esset
1218 1673 1417 1726 autem
1475 1662 1774 1743 quoddam
1828 1682 2015 1744 genus
2075 1683 2311 1746 eorum,
2367 1664 2547 1745 idque
2596 1663 2690 1725 vel

331 1753 582 1812 maxIme
629 1754 983 1835 ingenuum,
1041 1755 1145 1832 qui
1200 1770 1312 1813 nec
1366 1751 1642 1831 plausum
1699 1770 1811 1813 nec
1856 1753 2090 1814 lucrum
2138 1761 2524 1834 quaererent,
2581 1752 2687 1814 sed

330 1839 560 1901 visendi
613 1859 792 1902 causa
844 1842 1120 1902 venirent
1173 1841 1559 1920 studioseque
1613 1843 2028 1921 perspicerent
2082 1841 2225 1921 quid
2282 1852 2564 1921 ageretur
2626 1849 2687 1903 et

332 1947 450 2008 quo
497 1928 701 2009 modo,
755 1932 902 1990 item
956 1948 1066 1990 nos
1122 1931 1293 2009 quasi
1350 1931 1411 1988 in
1470 1938 1769 1990 mercatus
1816 1930 2110 2009 quandam
2157 1929 2566 1991 celebritatem
2613 1949 2687 1991 ex

331 2016 482 2077 urbe
538 2016 759 2099 aliqua,
816 2020 902 2079 sic
958 2021 1020 2079 in
1077 2017 1229 2078 hanc
1284 2019 1464 2078 vitam
1522 2036 1594 2078 ex
1653 2017 1764 2079 alia
1809 2021 1928 2080 vita
1982 2027 2043 2079 et
2097 2027 2309 2081 natura
2363 2020 2687 2102 profectoS,

331 2104 477 2167 alios
514 2105 735 2185 gloriae
776 2109 1018 2187 servire,
1057 2107 1201 2167 alios
1237 2108 1559 2188 pecuniae3
1605 2125 1775 2167 raros
1813 2125 1945 2168 esse
1985 2106 2288 2189 quosdam,
2326 2110 2429 2188 qui
2466 2111 2687 2170 ceteris

331 2194 606 2256 omnibus
665 2213 775 2275 pro
837 2195 1020 2257 nihilo
1078 2194 1296 2256 habitis
1355 2212 1562 2255 rerum
1619 2204 1892 2258 naturam
1951 2196 2215 2258 studiose
2275 2199 2685 2280 intuerentur3

328 2283 438 2345 hos
486 2302 550 2345 se
597 2284 891 2365 appellare
940 2286 1261 2365 sapientiae
1309 2284 1635 2366 studIosos,
1693 2284 1751 2345 id
1809 2292 1902 2346 est
1947 2287 2106 2346 enim
2152 2285 2567 2370 philosophos,
2625 2295 2690 2349 et

330 2382 399 2434 ut
443 2373 562 2434 illic
605 2373 1083 2434 liberalissimum
1131 2381 1291 2434 esset
1336 2381 1608 2452 spectare
1655 2374 1803 2435 nihil
1848 2374 1962 2435 sihi
2008 2374 2445 2458 adquirentem,
2488 2379 2575 2438 sic
2620 2379 2686 2438 in

267 2509 311 2572 4
332 2464 447 2522 vita
493 2461 664 2542 louge
712 2462 988 2524 omnibus
1035 2462 1248 2524 studiis
1305 2460 1863 2541 contemplationem
1908 2481 2116 2525 rerum
2161 2466 2683 2546 cognitionemque

246 2587 313 2636 10
333 2559 651 2629 praestare.
733 2551 857 2611 Nec
894 2570 1036 2612 vero
1072 2550 1435 2631 Pythagoras
1474 2554 1733 2613 nominis
1771 2552 1961 2613 solum
1998 2555 2288 2632 inventor,
2336 2554 2442 2615 sed
2479 2572 2688 2616 rerum

332 2642 509 2702 etiam
566 2642 831 2720 ipsarum
891 2640 1277 2720 amplificator
1336 2641 1467 2702 fuit.
1562 2640 1679 2713 Qui
1740 2659 1879 2702 cum
1938 2650 2075 2720 post
2136 2641 2296 2710 bunc
2354 2641 2689 2704 Phliasium

331 2747 665 2790 sermonem
704 2731 766 2790 in
804 2728 1029 2790 Italiam
1067 2731 1345 2811 venisset,
1391 2732 1699 2792 exornavit
1737 2748 1869 2791 eam
1905 2728 2230 2808 Graeciam,
2278 2748 2429 2810 quae
2471 2750 2688 2811 magna

400 3008 438 3045 a
472 2990 672 3059 quibus
708 2989 879 3056 ducti,
913 2989 1063 3043 nach
1099 2987 1282 3044 ihrem
1309 2986 1451 3043 Vor-

334 3075 533 3131 gange·

406 3131 729 3187 Heraclides
756 3146 856 3184 aus
884 3128 1167 3185 Heraklea.
1193 3146 1286 3185 am
1310 3129 1454 3184 Pon·

227 3227 238 3237 ·
335 3206 444 3269 tus,
483 3201 690 3257 sehloss
730 3201 850 3256 sich
885 3202 1032 3256 nach
1068 3201 1260 3255 Platos
1300 3200 1455 3257 Tode

336 3275 445 3329 den
470 3274 895 3343 Pythagoriiern
921 3289 1011 3326 an.
1066 3272 1144 3326 Er
1169 3272 1273 3326 hat
1296 3273 1458 3328 mehr

333 3345 687 3413 historische,
767 3343 1166 3399 rammatische
1192 3360 1246 3398 u.
1276 3345 1457 3399 astro-

334 3416 648 3480 nomische‚
842 3414 1148 3485 cigentlich
1202 3414 1453 3485 philoso-

334 3487 569 3558 phische
606 3486 815 3541 Werke
850 3486 1236 3556 geschrieben.

401 3573 650 3626 eumque,
737 3556 836 3610 der
906 3556 1267 3613 relativische
1341 3559 1454 3611 An·

332 3627 539 3683 schluss
609 3628 689 3681 ist
749 3626 926 3682 fallen
987 3627 1272 3698 gelassen‚
1345 3627 1451 3683 wie

331 3705 362 3766 ξ
404 3706 468 3755 17
507 3698 622 3753 und
658 3703 744 3753 38.

403 3788 514 3841 qua
550 3770 786 3824 maxime
821 3775 940 3824 arte
976 3771 1293 3837 confideret,
1331 3770 1385 3827 d.
1413 3769 1451 3825 i.

330 3846 492 3899 cuias
555 3841 695 3897 artis
765 3841 1049 3895 scientiam
1104 3842 1454 3910 potissimum

324 3915 690 3985 profiteretwr.

406 3990 454 4041 9.
501 3985 798 4039 novitatem
840 3983 1109 4038 nominis.-
1157 3983 1273 4038 Das
1319 3984 1451 4038 Pra-

334 4055 496 4110 ffikat
576 4051 754 4124 σοφός
836 4052 1026 4109 wollte
1099 4054 1248 4122 Pyth
1326 4071 1453 4110 oras

331 4124 478 4181 blora
515 4124 653 4180 (ἰοί-,ὴ
687 4126 1042 4194 zugestehen.
1105 4123 1213 4181 Die
1303 4126 1453 4180 olks·

400 4197 567 4251 tache
620 4196 889 4251 brauchte
936 4196 1117 4252 neben
1169 4192 1348 4266 σοφός
1393 4197 1454 4251 in

334 4273 371 4323 a
392 4271 541 4322 teret
577 4266 699 4320 Zeit
750 4267 894 4322 ohne
944 4267 1095 4324 allen
1147 4267 1455 4324 tadelnden

333 4337 660 4395 Nebensinn
697 4333 979 4408 σοφιστής.

1634 2988 1900 3045 Graeciae
1934 2990 2256 3058 celebritate,
2291 2990 2344 3046 d.
2366 2989 2402 3045 i.
2444 2982 2689 3048 Graecia

1562 3061 1877 3128 celebrante,
1913 3063 2226 3129 confluente:

1633 3147 1700 3186 ex
1737 3132 1857 3187 alia
1881 3133 2018 3199 vita,
2055 3133 2181 3188 eine
2208 3132 2559 3203 Anapielung
2586 3133 2693 3189 auf

1562 3201 1926 3272 Pythagoras'
1981 3202 2164 3258 Lehre
2216 3220 2329 3258 von
2393 3204 2492 3259 der
2543 3203 2688 3260 Pra-

1563 3273 1806 3398 gxistenz
1843 3274 1943 3329 der
1979 3274 2138 3329 Seele
2179 3274 2295 3330 und
2333 3274 2688 3332 Seelenwan-

1603 3361 1792 3415 erung.

1634 3416 1697 3471 id
1730 3421 1807 3471 est
1843 3418 2004 3482 enim,
2043 3435 2087 3475 s.
2124 3434 2171 3474 z.
2211 3417 2290 3471 III
2327 3422 2414 3486 27,
2452 3423 2538 3474 65.

1630 3487 1712 3542 sic
1746 3487 1811 3541 in
1845 3488 1964 3542 vita
1990 3517 2059 3528 —-
2087 3489 2591 3558 contemplationem
2613 3520 2687 3529 —

1555 3561 1865 3627 praestare,
1920 3557 2045 3615 eine
2099 3559 2363 3629 Ansicht‚
2424 3559 2517 3615 die
2571 3577 2691 3616 von

1561 3628 1670 3684 den
1720 3628 2110 3712 griechischen
2152 3629 2538 3701 Philosophen
2586 3648 2693 3689 na·

1559 3700 1832 3756 menthch
1885 3700 1972 3757 bis
2028 3702 2130 3756 auf
2167 3701 2501 3758 Aristoteles
2556 3719 2689 3758 ver-

1559 3773 1745 3827 treten
1782 3770 1882 3841 ist,
1918 3787 2030 3827 von
2068 3772 2181 3828 Cic.
2219 3773 2354 3828 aber
2387 3772 2549 3828 nicht
2584 3791 2685 3844 ge-

1557 3842 1687 3897 teilt
1722 3843 1888 3911 wird‚
1925 3843 2027 3898 der
2062 3844 2131 3898 de
2169 3843 2261 3900 off.
2299 3843 2326 3897 I
2363 3861 2410 3902 c.
2438 3850 2509 3900 43
2538 3846 2690 3917 f..zu

1559 3914 1839 3970 beweisen
1866 3915 2046 3982 sucht,
2074 3914 2196 3971 dats
2230 3915 2332 3971 das
2358 3915 2690 3986 praktische

1559 3985 1750 4041 Leben
1794 4001 1894 4041 vor
1939 3985 2068 4040 dem
2112 3986 2535 4043 theoretischen
2570 3986 2684 4042 den

1560 4055 1786 4127 Vorzug
1820 4056 2103 4112 verdiene.
2137 4088 2205 4099 —-
2243 4047 2396 4114 Uber
2431 4059 2688 4114 omnibus

1558 4129 1762 4254 stupgis
1808 4127 1899 4183 fiir
1943 4129 2195 4185 omnibus
2231 4130 2363 4186 aliis
2397 4130 2599 4186 studiis
2633 4147 2684 4187 s,

1559 4218 1602 4255 z.
1758 4204 1808 4267 ὅ,
1848 4205 1898 4254 9.

1631 4270 1718 4326 Ka
1760 4316 1773 4327 .
1803 4271 1864 4331 4.
1941 4278 2024 4327 10.
2076 4288 2286 4341 rev-mn,
2335 4272 2436 4328 das
2484 4270 2695 4329 Gebiet

1560 4342 1660 4396 der
1741 4342 2075 4413 bilosophie.

2759 135 2769 233 ἔ
