2902 4649
558 160 1167 219 TUSCULANARUM
1204 163 1813 221 DISPUTATIONUM
1850 166 1893 221 Ι.
1934 173 2199 222 98-102.
2475 168 2562 232 59

198 341 289 392 est
334 333 584 412 misera,
638 332 774 390 finis
830 348 964 390 esse
1022 330 1221 391 nullus
1267 339 1483 410 potest.
1577 331 1693 392 Sed
1743 333 1885 411 quid
1945 353 2053 413 ego
2103 334 2412 396 Socratem
2462 344 2563 397 aut

197 420 661 499 Theramenem,
706 426 1081 499 praestantes
1128 421 1288 480 viros
1334 422 1575 482 virtutis
1633 429 1694 481 et
1750 424 2072 501 sapientiae
2130 423 2345 504 gloria,
2403 442 2563 484 com-

193 527 490 590 memoro,
556 527 690 570 cum
756 507 1259 569 Lacedaemonius
1325 510 1593 591 quidam,
1659 514 1832 571 cuins
1896 530 1971 572 ne
2038 530 2254 573 nomen
2320 512 2562 592 quidem

192 598 504 677 proditum
559 606 677 678 est,
734 605 988 658 mortem
1043 605 1353 677 tantopere
1412 601 1866 679 contempserit,
1932 609 2024 680 ut,
2091 619 2229 662 cum
2294 602 2365 661 ad
2433 620 2563 662 eam

191 686 525 748 duceretur
580 687 894 747 damnatus
950 684 1023 746 ab
1080 686 1323 765 ephoris
1379 696 1440 748 et
1498 696 1656 748 esset
1712 687 1873 749 voltu
1931 687 2103 749 hilari
2162 697 2338 769 atque
2375 684 2564 764 (laeto,

190 775 565 854 dixissetque
623 778 678 835 ei
735 774 975 854 quidam
1029 777 1308 836 inimicus
1356 770 1790 836 ‘contemnisne
1849 775 2011 856 leges
2058 774 2412 860 LycurgiP',
2469 797 2563 838 re-

192 864 534 943 sponderit:
584 859 716 943 ‘ego
759 881 899 923 vero
938 863 1022 923 illi
1060 866 1372 925 maximam
1409 867 1659 944 gratiam
1698 864 1913 946 haheo,
1962 869 2064 945 qui
2111 885 2206 927 me
2255 886 2324 927 ea
2368 885 2562 947 poena

192 953 566 1032 multaverit,
625 970 801 1032 quam
850 954 979 1013 sine
1026 955 1396 1014 mutuatione
1455 964 1515 1014 et
1573 957 1701 1014 sine
1758 973 2006 1015 versura
2061 974 2298 1033 possem
2356 955 2563 1016 dissol-

192 1037 379 1102 vere?

475 1041 524 1101 Ο
571 1044 763 1103 virum
815 1040 1026 1120 Sparta
1073 1040 1344 1120 dignum!
1406 1051 1476 1103 ut
1519 1042 1666 1103 mihi
1714 1043 1985 1123 quidem,
2033 1046 2137 1122 qui
2183 1051 2304 1104 tam
2351 1063 2563 1123 magno

188 1132 392 1190 animo
454 1131 662 1211 fuerit,
718 1133 1007 1190 innocens
1055 1130 1366 1191 damnatus
1424 1149 1556 1191 esse
1612 1130 1900 1192 videatur.
1992 1130 2165 1192 Tales
2220 1135 2666 1195 innumera-101

187 1217 345 1280 biles
391 1226 598 1280 nostra
646 1221 850 1280 civitas
898 1218 1051 1280 tulit.
1146 1217 1262 1279 Sed
1322 1218 1465 1298 qnid
1525 1219 1710 1281 duces
1768 1229 1828 1281 et
1883 1223 2185 1299 principes
2242 1224 2558 1303 nominem,

187 1325 333 1368 cum
382 1307 648 1387 legiones
694 1307 917 1369 scribat
963 1306 1107 1368 Cato
1164 1326 1342 1387 saepe
1399 1308 1624 1368 alacres
1679 1311 1741 1368 in
1799 1327 1936 1369 eum
1991 1308 2186 1370 locum
2244 1310 2560 1391 profectaS,

189 1396 355 1457 unde
397 1396 698 1458 redituras
746 1415 809 1457 se
857 1415 977 1457 non
1027 1393 1509 1458 arbitrarentur?
1590 1396 1726 1457 Pari
1764 1400 1959 1458 animo
2000 1396 2452 1459 Lacedaemonii
2497 1400 2558 1458 in

190 1484 612 1566 Thermopylis
658 1486 1037 1566 occiderunt,
1083 1488 1146 1545 in
1194 1503 1346 1564 quos
1395 1485 1758 1548 Simonides:

500 1594 644 1667 Die,
690 1595 930 1669 hospeS,
979 1594 1249 1670 Spartae
1294 1609 1403 1653 nos
1450 1598 1509 1653 te
1554 1594 1656 1653 hic
1703 1595 1924 1653 vidisse
1970 1597 2263 1667 iacentes,

651 1684 792 1742 dum
838 1685 1070 1742 sanctis
1109 1684 1362 1757 patriae
1407 1682 1643 1756 leyibus
1690 1682 2106 1756 obsequimur.-

188 1787 383 1867 [Quid
430 1787 528 1849 ille
576 1788 693 1849 dux
742 1786 1036 1848 Leonidas
1083 1784 1272 1849 dicit?
1360 1786 1601 1865 Pergite
1642 1788 1838 1847 animo
1877 1788 2044 1869 forti,
2089 1787 2559 1869 Lacedaemonii,

191 1876 373 1939 hodie
411 1877 567 1956 apud
604 1878 831 1937 inferos
869 1876 1232 1938 cenabimus
1303 1875 1443 1936 Fuit
1489 1876 1636 1937 haec
1683 1895 1830 1955 gens
1878 1878 2076 1957 fortiS,
2124 1876 2264 1937 dum
2303 1875 2562 1956 Lycurgi

189 1966 359 2046 leges
402 1964 722 2045 vigebant]
816 1963 864 2024 E
915 1966 1134 2045 quibus
1183 1983 1370 2045 unuS,
1429 1983 1567 2025 cum
1613 1965 1831 2026 Perses
1886 1965 2077 2026 hostis
2130 1968 2193 2026 in
2241 1966 2559 2045 conloquio

188 2055 445 2116 dixisset
490 2054 748 2134 glorians
796 2048 1008 2115 ‘solem
1066 2073 1210 2134 prae
1267 2053 1598 2135 iacgilorum
1656 2054 2038 2115 multitudine
2095 2064 2156 2114 et
2210 2057 2560 2133 sagittarum

188 2163 314 2204 non
362 2138 680 2223 videbitis',
737 2138 822 2203 ‘in
869 2141 1082 2203 umbra
1128 2138 1335 2223 igitur'
1383 2144 1580 2220 inquit
1627 2137 2087 2220 ‘pugnabimus'

186 2250 489 2293 memoro:
556 2232 746 2311 qualis
808 2231 1045 2292 tandem
1104 2227 1415 2293 Lacaena?
1483 2248 1633 2310 quae
1694 2250 1833 2291 cum
1891 2231 2078 2292 filium
2141 2233 2204 2291 in
2263 2230 2557 2310 proelium

187 2324 457 2383 misisset
521 2332 581 2384 et
642 2321 1029 2382 intersectum
1093 2318 1381 2401 audisset,
1456 2314 1727 2381 ‘idcirco'
1793 2322 1989 2400 inquit
2051 2315 2423 2400 ‘genueram,
2491 2329 2559 2381 ut

265 2498 386 2549 100.
423 2493 557 2561 finis
581 2509 691 2548 esse
715 2494 908 2548 nunus
943 2492 1193 2547 ntimlich
1220 2494 1320 2547 mi-

185 2566 394 2631 seriae,
442 2580 557 2618 was
601 2563 815 2635 infolge
852 2562 1010 2618 einer
1044 2563 1321 2633 gewissen

185 2634 654 2705 Naohlassigkeit
673 2634 893 2690 Ciceros
920 2635 1003 2690 im
1020 2634 1320 2689 Ausdruck

186 2723 292 2761 aus
330 2707 477 2761 vitae
510 2707 738 2761 miserae
774 2724 841 2760 zu
880 2710 1157 2776 erg'amen
1192 2707 1280 2761 ist.

264 2796 427 2850 cuius
462 2811 532 2849 ne
573 2811 784 2850 nomen.
859 2794 1006 2849 Plut.
1046 2796 1316 2866 apophth.

186 2866 325 2920 Lac.
354 2884 409 2936 p.
432 2871 536 2919 222
562 2867 740 2921 nennt
763 2865 866 2920 ihn
886 2865 1314 2923 Thektamenes.

262 2955 386 3009 sine
425 2955 765 3024 mutuatione
810 2960 861 3008 et
902 2955 1021 3010 sirie
1065 2972 1295 3011 versura
1303 2977 1322 3008 .-

187 3042 423 3081 verswra
484 3026 753 3080 bedentet
816 3024 1124 3095 eigentlich
1179 3026 1322 3081 Geld

188 3096 534 3151 aufnehmen
547 3138 561 3163 ,
585 3114 682 3149 um
701 3095 866 3151 einen
885 3097 1132 3151 anderen
1153 3096 1320 3152 Glau-

186 3167 358 3238 biger
392 3185 461 3222 zu
485 3166 862 3237 befriedigen,
900 3167 1051 3221 daun
1081 3169 1232 3222 steht
1259 3184 1319 3223 es

184 3233 475 3309 geradezu
526 3237 619 3292 fiir
667 3240 957 3293 mutuatio.
1030 3237 1134 3293 Bei
1187 3240 1319 3293 Plu-

185 3308 356 3365 tarch
385 3310 539 3363 steht
570 3303 709 3373 παρ’
744 3302 984 3370 οὐδενὸς
1012 3304 1144 3364 οὔτε
1174 3311 1318 3365 διαι-

186 3376 443 3450 τήσαντά
482 3398 578 3449 με,
617 3375 749 3435 οὔτε
788 3376 1223 3451 δανεισάμενον.

264 3474 390 3523 101.
450 3467 614 3523 Gaio:
659 3468 772 3537 vgl.
822 3467 934 3524 Cic.
974 3471 1044 3522 de
1083 3485 1194 3524 sen.
1235 3474 1321 3539 20,

191 3545 262 3595 ‘15
294 3540 526 3610 leyiones
561 3545 806 3607 nostras,
840 3541 986 3609 quod
1020 3541 1223 3609 scripsi
1257 3543 1323 3596 in

191 3611 544 3680 On'yinibus,
570 3611 636 3664 in
671 3627 792 3665 eum
818 3626 976 3680 saepe
1002 3612 1180 3665 locum
1215 3628 1323 3684 esse

179 3682 467 3751 profectas
487 3682 668 3736 alacri
695 3683 882 3736 animo
901 3688 952 3736 et
970 3688 1157 3748 erecta,
1177 3684 1323 3739 unde

184 3770 246 3808 se
276 3754 557 3808 reditwras
581 3769 872 3822 nmquam
893 3754 1320 3809 arbita-arentur.

263 3840 606 3896 Simonides:
639 3841 847 3895 Herod.
886 3840 994 3894 VII
1030 3844 1133 3895 228

178 3903 247 3966 Ὦ
297 3906 462 3980 ξεῖν’,
521 3906 814 3981 ἀγγέλλειν
843 3913 1325 4037 ’ᾼακερἕιιμονίοις

838 4001 926 4037 οτι
961 4004 992 4037 τ
1071 4002 1096 4039 ε

192 4054 460 4122 Κείμεθα
509 4058 628 4116 τοῖς
679 4055 884 4108 κείνων
940 4003 1150 4124 ᾇηῃμασι
1205 4074 1323 4110 πει-

837 4120 1100 4196 ὑόμενοι.

270 4194 419 4265 Quid
436 4197 532 4250 me
550 4196 671 4250 dux
697 4197 802 4250 cet.
869 4195 981 4251 Der
1000 4196 1326 4267 Anssprnch

189 4266 375 4322 laniet
406 4267 559 4322 nach
587 4265 736 4320 Plut.
767 4282 856 4336 ap.
887 4267 1019 4322 Lae,
1049 4273 1152 4321 225
1191 4272 1326 4330 Τοῖς

193 4335 260 4393 δὲ
301 4334 668 4408 στρατιώταις
694 4334 1073 4407 παρήγγειλεν
1107 4334 1325 4409 ἀριστο-

1429 2493 1728 2545 ποιεῖσθαι
1774 2487 1851 2553 ὦς
1901 2487 1964 2545 ἔν
2002 2485 2148 2562 ᾅδου
2187 2488 2558 2560 δειπνησομέ-

1427 2581 1564 2623 νοις.
1640 2563 1715 2616 Es
1751 2562 1830 2616 ist
1854 2563 2014 2617 nicht
2041 2581 2109 2616 zu
2138 2563 2402 2632 glauben,
2431 2560 2556 2616 dass

1429 2631 1542 2686 Cic.
1580 2632 1641 2686 in
1677 2633 1832 2687 einer
1868 2650 1928 2687 so
1965 2632 2289 2687 bekannten
2318 2632 2557 2686 Sentenz

1427 2702 1639 2757 sinnlos
1675 2698 1911 2772 ἀριστᾶν
1938 2704 2055 2757 und
2083 2699 2405 2773 ἀριστεύειν
2434 2719 2556 2757 ver-

1426 2774 1695 2828 wechselt
1752 2774 1940 2829 haben
2003 2774 2186 2830 sollte.
2259 2773 2394 2827 Man
2457 2773 2560 2828 hat

1427 2844 1665 2900 deshalb
1712 2847 1979 2914 prandete
2035 2846 2221 2900 animo
2276 2846 2413 2912 forti
2503 2861 2558 2899 e-

1430 2915 1751 2983 schrieben3
1791 2917 1929 2971 aber
1956 2916 2136 2970 damit
2173 2916 2297 2969 sind
2335 2916 2426 2970 die
2455 2862 2556 2969 ge-

1430 2986 1651 3041 denken
1688 2987 1836 3042 noch
1885 2986 2047 3041 nicht
2096 2988 2372 3056 gehoben.
2446 2987 2560 3040 Der

1430 3057 1561 3111 Satz
1596 3059 1710 3124 fuit
1745 3060 1877 3113 haec
1911 3075 2042 3128 qens
2078 3062 2185 3112 cet.
2239 3058 2316 3111 ist
2361 3056 2558 3118 ,trivial

1427 3128 1544 3182 und
1597 3128 1887 3199 unriohtig
1940 3132 2001 3198 (s.
2057 3128 2111 3181 H
2167 3134 2260 3197 14,
2298 3131 2387 3196 34)
2442 3127 2559 3182 und

1426 3198 1633 3254 marato
1698 3199 1783 3254 als
1847 3199 2214 3269 allgemeiner
2270 3198 2559 3265 Gedanke,

1429 3271 1531 3324 der
1568 3269 1661 3325 die
1699 3270 1976 3341 Beispiele
2015 3267 2373 3337 abschliesst,
2409 3269 2558 3323 nach

1422 3342 1803 3410 puynabimus
1830 3342 2042 3396 stehen.
2081 3357 2148 3395 ex
2167 3341 2368 3409 quibus
2393 3338 2558 3394 liesse

1432 3413 1552 3467 sich
1609 3429 1755 3467 zwar
1807 3411 2210 3482 grammatisch
2269 3410 2373 3465 auf
2429 3411 2560 3465 haec

1428 3500 1561 3553 qens
1604 3483 1897 3550 beziehen,
1950 3483 2084 3537 aber
2126 3481 2251 3536 hier
2296 3482 2560 3552 verlangt

1430 3556 1530 3609 der
1567 3553 1730 3622 Sinn,
1779 3570 1836 3608 es
1884 3553 1990 3607 mit
2025 3552 2453 3609 Lacedaemonii
2496 3554 2561 3607 in

1435 3625 1813 3694 Thermopylis
1867 3625 2182 3679 occiderunt
2232 3640 2300 3677 zu
2338 3623 2558 3678 verbin-

1430 3697 1555 3751 den.
1631 3695 1682 3750 S.
1724 3694 1901 3749 Heine
1940 3695 2133 3765 Progr.
2180 3695 2360 3750 Posen
2400 3699 2559 3763 1862,

1430 3788 1486 3838 Ρ·
1503 3773 1691 3894 Il’e5rses
1731 3839 1927 3893 hostis:
1976 3838 2122 3891 nach
2167 3836 2421 3891 Herodot
2455 3836 2560 3890 VII

1431 3915 1538 3965 226
1592 3910 1730 3965 fand
1783 3910 1885 3964 das
1941 3906 2227 3977 Gesprach
2284 3906 2561 3961 zwischen

1432 3982 1559 4035 dem
1591 3981 1897 4064 Spart-aner
1922 3979 2199 4033 Dienekes
2233 3978 2349 4032 und
2377 3977 2560 4033 einem

1435 4053 1762 4107 Trachnner
1800 4052 1954 4106 statt.

1509 4129 1627 4179 102.
1665 4123 1814 4178 viros
1850 4135 2225 4174 commemoro:
2291 4120 2421 4173 Man
2466 4119 2560 4174 be·

1434 4196 1601 4248 achte
1662 4194 1754 4247 die
1807 4181 2404 4260 Ubergangsformeln:
2468 4190 2561 4244 sed

1434 4267 1570 4335 quid
1624 4280 1718 4334 eqo
1775 4263 2052 4317 Socratem
2091 4292 2156 4302 —
2195 4276 2557 4315 commemoro.

1435 4368 1502 4398 -,
1543 4336 1652 4392 Sed
1687 4335 1822 4404 quid
1857 4334 2020 4387 duces
2057 4364 2123 4374 -
2162 4333 2447 4386 nominem.

2181 2141 2351 2203 Viros
2399 2155 2665 2204 com-102
