2902 4649
588 144 1190 200 TUSCULANARUM
1225 144 1836 202 DISPUTATIONUM
1872 145 1965 200 ΠΙ.
2010 153 2235 203 11-15,
2504 149 2584 210 11

215 312 331 391 q'ui
383 310 649 373 breviter
704 314 1037 391 astringere
1094 311 1290 373 solent
1342 319 1720 393 argumenta3
1778 312 1993 374 deinde
2049 320 2257 374 nostro
2312 315 2588 375 instituto

218 399 585 479 vagabimur.
2611 447 2646 509 7

401 487 519 559 Qui
563 490 737 551 fortis
782 497 899 569 est,
947 489 1104 550 idem
1152 498 1245 550 est
1290 489 1512 571 fidens,
1567 492 1845 569 quoniam
1892 489 2200 551 confidens
2246 489 2400 551 mala
2445 508 2583 552 con-
2609 524 2676 573 14

216 578 545 639 suetudine
588 578 873 657 loquendi
918 581 983 639 in
1027 580 1171 639 vitio
1217 580 1491 658 ponitur,
1544 579 1792 640 ductum
1838 577 2089 639 verbum
2134 598 2169 639 a
2212 578 2586 660 confidendo,

215 666 383 746 quod
429 666 620 727 laudis
668 676 777 728 est.
869 666 987 738 Qui
1033 675 1232 728 autem
1272 676 1366 728 est
1402 667 1611 749 fidens,
1657 670 1709 728 is
1748 668 2017 746 profecto
2062 686 2186 728 non
2223 670 2586 748 extimescit3

214 755 521 834 discrepat
567 758 726 816 enim
772 774 805 816 a
863 756 1124 816 timendo
1182 757 1503 818 confidere.
1594 755 1776 835 Atqui
1830 758 1894 816 in
1950 775 2129 836 quem
2184 757 2344 818 cadit
2397 758 2585 834 aegri·

211 844 388 924 tudo,
432 846 494 904 in
542 844 798 905 eundem
847 846 1055 926 timor3
1111 863 1365 924 quarum
1421 847 1580 905 enim
1627 863 1834 906 rerum
1880 848 2217 923 praesentia
2262 862 2474 906 snmus
2522 846 2584 904 in

209 933 619 1013 aegritudine,
678 934 916 994 easdem
961 933 1358 1013 inpendentes
1415 944 1477 995 et
1520 936 1830 995 venientes
1876 935 2183 995 timemus:
2242 932 2359 1011 [Ita
2402 934 2471 994 fit
2516 940 2584 993 ut

211 1021 558 1082 fortitudini
619 1023 932 1101 aegritudo
994 1022 1334 1102 repugnet]
1411 1025 1540 1084 veri
1604 1019 1797 1084 simile
1855 1031 1947 1084 est
2001 1024 2211 1102 igitur,
2274 1024 2341 1082 in
2405 1039 2583 1101 quem

207 1110 393 1171 cadat
437 1111 774 1192 aegritudo,
829 1111 1043 1172 cadere
1099 1114 1162 1172 in
1217 1111 1475 1173 eundem
1534 1114 1810 1174 timorem
1867 1120 1927 1171 et
1980 1111 2399 1172 infractionem
2454 1112 2583 1189 qui·

211 1198 359 1260 dem
413 1200 594 1260 animi
650 1209 712 1260 et
765 1199 1205 1262 demissionem.
1301 1200 1467 1273 Quae
1521 1203 1584 1261 in
1642 1218 1823 1280 quem
1887 1199 2133 1280 cadunt,
2197 1202 2260 1260 in
2326 1200 2584 1260 eundem

217 1287 382 1348 cadit
437 1295 504 1347 ut
561 1290 806 1369 serviat,
859 1298 930 1350 ut
982 1290 1230 1371 victum,
1291 1292 1344 1350 si
1397 1290 1665 1371 qnando,
1729 1307 1794 1350 se
1856 1306 1990 1349 esse
2056 1288 2328 1350 fateatur.
2419 1281 2583 1357 Quae

217 1378 330 1455 qui
396 1378 642 1457 recipit,
706 1379 957 1457 recipiat
1018 1377 1175 1439 idem
1241 1396 1490 1439 necesse
1552 1385 1646 1439 est
1708 1377 2086 1439 timiditatem
2150 1386 2213 1437 et
2275 1377 2583 1455 ignaviam.

215 1463 355 1525 Non
403 1465 625 1526 eadunt
671 1474 870 1527 autem
914 1466 1062 1527 haec
1110 1469 1173 1528 in
1220 1469 1415 1529 virum
1462 1468 1706 1528 fortem:
1751 1469 1937 1546 igitur
1982 1484 2058 1526 ne
2107 1465 2414 1545 aegritudo
2453 1466 2582 1543 qui-

207 1553 373 1614 dem.
464 1554 541 1614 At
594 1572 770 1614 nemo
826 1557 1062 1635 sapiens
1115 1557 1234 1616 nisi
1288 1557 1491 1617 fortis·
1544 1573 1666 1616 non
1725 1555 1896 1616 cadet
1952 1573 2097 1633 ergo
2144 1551 2207 1614 in
2255 1556 2584 1634 sapientem

209 1642 550 1720 aegritudo
2582 1687 2586 1693 ,

394 1730 712 1792 Praeterea
775 1750 1025 1792 necesse
1094 1741 1213 1815 est,
1277 1736 1380 1812 qui
1444 1719 1619 1794 fortis
1684 1735 1788 1813 sit,
1860 1732 2121 1793 eundem
2164 1750 2319 1792 esse
2383 1732 2581 1810 magni
2603 1741 2669 1790 15

209 1822 425 1900 animi3
479 1821 585 1899 qui
641 1822 837 1899 magni
893 1822 1076 1881 animi
1130 1824 1234 1902 sit,
1290 1824 1606 1903 invictum3
1665 1823 1768 1901 qui
1822 1824 2080 1882 invictus
2126 1823 2232 1900 sit,
2288 1837 2429 1881 eum
2481 1837 2581 1880 res

209 1908 503 1968 humanas
575 1908 884 1988 despicere
960 1917 1137 1988 atque
1208 1910 1363 1970 infra
1437 1929 1503 1971 se
1576 1913 1799 1989 positas
1875 1908 2062 1970 arb1t1
2065 1928 2168 1969 ari.
2259 1907 2580 1988 Despicere

210 2006 415 2057 autem
464 2012 639 2057 nemo
683 2005 884 2077 potest
931 2016 1030 2058 eas
1076 2016 1194 2079 reS,
1239 2006 1490 2078 propter
1536 2017 1684 2077 quas
1730 1999 2101 2078 aegritudine
2141 1998 2315 2057 adfici
2351 2003 2581 2077 potest3

211 2104 288 2146 ex
335 2104 456 2164 quo
505 2085 763 2147 efficitur
800 2087 1018 2147 fortem
1055 2089 1249 2147 virum
1296 2087 1669 2167 aegritudine
1716 2105 2041 2166 numquam
2089 2085 2279 2146 adfici.
2356 2085 2579 2147 Omnes

204 2183 415 2235 autem
462 2176 759 2254 sapientes
807 2175 1026 2236 fortes:
1073 2194 1191 2235 non
1244 2175 1401 2237 eadit
1446 2178 1629 2255 igitur
1676 2178 1740 2236 in
1787 2178 2117 2255 sapientem
2163 2174 2490 2254 aegritudo.

391 2262 468 2323 Et
527 2281 707 2343 quem
770 2263 842 2323 ad
903 2263 1145 2324 modum
1204 2263 1414 2326 oculus
1472 2264 1863 2326 conturbatus
1919 2281 2038 2323 non
2095 2272 2188 2324 est
2240 2262 2431 2343 probe
2477 2261 2576 2324 ad-

211 2352 411 2414 fectus
474 2353 546 2413 ad
615 2371 792 2414 suum
855 2371 1074 2413 munus
1148 2353 1515 2433 fungendum
1592 2361 1652 2414 et
1717 2352 1980 2433 reliquae
2043 2360 2244 2433 partes
2308 2360 2575 2414 totumve

284 2542 513 2597 brevitor
540 2541 967 2610 adstrinyere—
995 2547 1338 2623 aryumnta,

211 2612 362 2667 ‘sich
403 2611 812 2682 kurzgefal's‘oer
846 2610 1099 2667 Beweise
1148 2613 1338 2668 bedie-

205 2684 365 2740 nen'.
430 2683 586 2739 Brut.
625 2689 713 2750 31,
755 2688 856 2737 120
894 2683 1203 2739 Stoicorum
1239 2685 1338 2740 ad-

203 2755 457 2810 maior
483 2759 560 2809 est
586 2725 767 2810 orat’io
795 2755 1185 2824 aliquantoque
1213 2771 1336 2811 eon·

206 2827 458 2882 tractior.
532 2825 732 2880 Pax-ad.
769 2840 1016 2894 prooem.
1046 2830 1077 2891 9
1105 2833 1139 2880 2
1174 2827 1241 2881 in
1276 2843 1341 2881 ea

204 2901 288 2952 est
341 2896 577 2962 haeresi,
631 2913 770 2967 quae
822 2897 1049 2951 nullum
1093 2899 1343 2967 sequitur

204 2969 395 3036 florem
444 2936 715 3022 orafionis
761 2983 932 3036 neque
990 2969 1196 3024 dilatat
1248 2985 1343 3023 ar-

205 3043 551 3108 mentm,
612 3038 844 3093 minutis
897 3039 961 3092 in
976 3040 1345 3110 terroyatiwn-

204 3111 359 3248 οῗῑβίὲ
387 3110 553 3179 quasi
588 3110 818 3178 punctis
864 3111 1010 3178 quod
1039 3112 1342 3179 proposuit

206 3198 239 3235 e
348 3182 395 3237 t.

281 3279 430 3348 Καρ.
472 3278 529 3332 7.
592 3283 674 3332 14.
713 3277 1000 3347 quom‘am:
1036 3296 1105 3331 ιιι
1143 3283 1343 3348 ergan-

208 3367 314 3404 zen
380 3349 460 3402 ist
522 3349 603 3403 sic
663 3349 815 3414 dico,
876 3348 984 3402 wie
1037 3354 1068 3414 ἓ
1112 3353 1177 3403 11
1239 3365 1345 3403 vor

286 3435 559 3503 mquam.
624 3417 712 3472 IV·
731 3424 762 3484 9
791 3424 860 3474 59
887 3435 991 3473 vor
1017 3421 1167 3489 quia.
1231 3420 1344 3475 Der

287 3490 403 3546 eise
456 3489 663 3544 besitzt
717 3489 810 3544 die
864 3488 987 3543 vier
1044 3489 1342 3545 Kardinal-

205 3560 516 3644 tugenden.
550 3559 687 3615 Drei
705 3576 815 3615 von
841 3559 1029 3631 ihnen,
1056 3562 1342 3630 fortitudO,

210 3704 396 3759 mm
423 3632 960 3759 &zefflssiff'ffiig
969 3603 1342 3757 Βέιὲἓὲἶῗέἒ

208 3776 298 3830 nis
335 3790 453 3828 aus.

281 3863 587 3930 confidens.-
618 3878 686 3917 zu
702 3861 957 3916 Plautus'
979 3861 1094 3921 und
1110 3861 1338 3919 Terenz'

207 3934 335 3990 Zeit
370 3950 489 3988 war
525 3932 625 3987 das
662 3933 829 3988 Wort
865 3933 1011 3989 auch
1047 3932 1107 3987 in
1142 3937 1339 4003 gutem

209 4003 382 4065 Sinne
461 4003 604 4060 ‘voll
669 4003 1158 4059 Selbstvertrauen
1222 4003 1341 4059 und

208 4076 356 4133 Μαί-ι’
402 4075 484 4131 im
520 4073 835 4131 Gebranch.
909 4087 914 4091 ·

282 4174 387 4228 Ita
420 4172 486 4240 fit
525 4201 593 4213 ·-
627 4177 910 4243 repugnet.
976 4172 1093 4227 Das
1129 4171 1205 4227 ist
1240 4172 1342 4227 das

209 4244 473 4299 Resultat
509 4243 610 4298 des
646 4242 927 4299 Beweises
975 4243 1064 4298 bis
1099 4259 1215 4299 non
1252 4260 1342 4299 ca·

213 4315 356 4370 amit
401 4318 586 4371 mm
630 4315 762 4370 haec
805 4315 871 4369 in
914 4315 1097 4370 virum
1131 4316 1345 4382 ΐούεηι,

1444 2544 1622 2613 iyimr
1657 2559 1726 2598 m
1761 2543 2050 2612 aegritudo
2086 2542 2321 2611 quidem.
2396 2540 2574 2596 Hatte

1446 2613 1562 2670 Cic.
1628 2613 1750 2668 dies
1813 2613 1937 2668 hier
2000 2613 2449 2682 eingeschoben‚
2514 2628 2576 2666 so

1448 2691 1596 2740 ware
1641 2685 1742 2740 das
1779 2682 2066 2753 Folgende
2113 2700 2256 2752 ganz
2302 2682 2576 2737 iiberfliis—

1448 2756 1552 2826 sig.
1626 2754 1732 2810 Die
1771 2755 1967 2809 Worte
2014 2770 2252 2822 quarum
2295 2754 2441 2808 enim
2488 2769 2573 2807 re

1448 2844 1575 2952 zzz
1593 2827 1914 2951 mr&
1933 2824 2574 2951 {mmme'sstffi

1449 2972 1551 3023 ten
1594 2985 1701 3023 nur
1747 2970 1874 3021 eine
1918 2967 2149 3023 weitere
2193 2965 2575 3037 Begrundung

1451 3039 1552 3093 der
1578 3041 1782 3093 Assum
1782 3038 1906 3108 pizio
1940 3039 2099 3107 atqui
2132 3039 2198 3092 in
2223 3053 2379 3107 quem
2411 3037 2577 3092 cadat

1455 3114 1559 3166 cet.
1624 3109 1966 3179 Unmbglich
1993 3109 2146 3163 kann
2173 3109 2296 3163 also
2321 3107 2446 3163 hier
2480 3106 2576 3162 ein

1454 3181 1586 3236 Satn
1622 3180 2037 3251 eingeschoben
2064 3179 2306 3247 werden,
2345 3178 2445 3232 der
2473 3178 2574 3231 das

1450 3252 1716 3306 Resultat
1761 3251 1860 3305 des
1907 3267 2120 3320 ganzen
2155 3221 2430 3303 Beweises
2475 3264 2577 3302 an-

1453 3322 1629 3392 giebt.
1703 3311 1976 3377 Uberdies
2007 3319 2265 3375 schliesst
2291 3318 2412 3373 sich
2434 3319 2575 3372 veri·

1450 3394 1629 3448 simile
1686 3398 1766 3448 est
1813 3393 1990 3461 ἱρᾶται
2047 3390 2207 3445 nieht
2254 3406 2330 3443 an
2378 3390 2463 3444 ita
2512 3389 2577 3456 fit

1453 3467 1560 3520 cet.
1599 3480 1698 3531 an,
1752 3463 1992 3517 sondem
2029 3477 2102 3515 an
2138 3462 2347 3515 easdem
2382 3461 2575 3530 inpen-

1450 3536 1637 3589 dentes
1671 3539 1722 3588 et
1755 3534 2029 3588 venientes
2063 3533 2324 3586 timemus.

1521 3611 1573 3660 et
1619 3635 1686 3645 —-
1734 3605 1952 3673 quidem
1995 3602 2276 3658 erweitert
2328 3603 2442 3657 und
2487 3619 2574 3657 er-

1448 3677 1607 3732 klart·
1652 3676 1762 3730 den
1807 3673 2304 3744 vorhergehenden
2350 3672 2574 3744 Begriff,

1450 3748 1630 3802 timor.

1525 3823 1610 3872 15.
1646 3801 2032 3872 conturbatus.-
2067 3816 2246 3872 Unter
2281 3816 2573 3870 conturba-

1447 3890 1528 3943 tio
1555 3889 1851 3955 oculorum,
1879 3883 2127 3955 τάραξις,
2155 3886 2410 3941 vei-steht
2441 3902 2578 3940 man

1451 3958 1566 4013 ‘Au
1568 3958 2030 4029 genschwindel',
2058 3975 2221 4013 wenn
2250 3976 2295 4013 z.
2316 3956 2378 4010 B.
2400 3956 2579 4011 durch

1448 3978 1841 4100 Blutandrang
1882 4029 2032 4084 nach
2078 4029 2208 4082 dem
2253 4027 2436 4096 Kopfe
2481 4028 2574 4082 die

1453 4100 1725 4156 Sehkraft
1773 4101 1992 4170 gesturi.
2037 4100 2175 4155 oder
2218 4098 2578 4169 ausgehoben

1450 4172 1609 4227 vird.
1673 4173 1836 4227 Doch
1872 4171 2026 4227 kann
2060 4170 2251 4226 omaus
2287 4170 2578 4225 conturba-

1451 4249 1544 4298 tus
1586 4243 1734 4298 auch
1780 4242 2100 4311 uberhaupt
2142 4241 2230 4296 ein
2284 4240 2576 4311 getriibtes

1454 4315 1616 4384 Auge
1653 4313 2009 4369 bezeichnen.
