2902 4649
236 96 277 160 8
1038 95 1113 149 u.
1152 92 1396 148 rrunnu
1432 92 1818 148 CICERONIS

238 262 612 343 appellarunt
656 262 962 322 insaniam.
1053 260 1274 322 Omnes
1331 268 1528 322 autem
1585 259 2068 340 perturbationes
2123 262 2303 321 animi
2360 260 2612 323 morbos

240 349 578 432 philosophi
605 349 901 430 appellant
928 357 1266 429 negantque
1298 349 1548 410 stultum
1577 367 1936 429 quemquam
1976 348 2073 410 his
2111 349 2337 411 morbis
2373 369 2604 412 vacare.

242 441 360 513 Qui
406 447 604 501 autem
649 441 708 499 in
759 437 966 499 morbo
1017 446 1176 519 sunt,
1223 440 1352 499 sani
1398 456 1519 499 non
1567 444 1726 519 sunt,
1771 446 1834 499 et
1879 439 2147 499 omnium
2193 441 2611 518 insipientium

241 530 425 599 animi
479 531 541 590 in
599 526 808 588 morbo
866 534 1034 588 sunt:
1090 545 1298 588 omnes
1353 528 1707 606 insipientes
1761 528 1945 606 igitur
1990 526 2341 605 insaniunt]
2436 528 2603 589 Sani-

243 625 425 679 tatem
474 619 630 678 enim
680 618 1014 677 animorum
1061 617 1314 695 positam
1362 617 1424 676 in
1471 615 1899 694 tranquillitate
1947 614 2202 695 quadam
2242 615 2609 678 'constantia-

245 725 362 786 que
426 704 773 786 censebant3
838 705 933 765 his
998 703 1181 765 rebus
1245 712 1506 765 mentem
1562 721 1808 765 vacuam
1873 704 2246 784 appellarunt
2297 707 2615 786 insaniam,

241 802 560 876 propterea
608 792 765 874 quod
813 796 875 854 in
923 791 1271 873 perturbato
1319 795 1536 873 animo,
1583 795 1741 854 sicut
1785 795 1848 853 in
1895 810 2166 874 corpore,
2211 796 2431 855 sanitas
2467 812 2609 855 esse

183 930 226 994 5
244 901 366 944 non
411 890 632 963 posset.

158 1008 227 1056 10
423 972 547 1033 Nec
592 974 791 1033 minus
837 970 979 1032 illud
1028 978 1229 1050 acute,
1285 969 1442 1049 quod
1501 972 1681 1031 animi
1729 969 2119 1032 adfectionem
2167 971 2390 1032 lumine
2439 988 2612 1032 men·

243 1064 323 1123 tis
350 1068 654 1122 carentem
691 1061 1146 1121 nominaverunt
1182 1061 1561 1125 amentiam
1600 1059 1967 1139 eandemque
2006 1058 2453 1121 dementiam.
2516 1059 2611 1120 Ex

245 1168 364 1229 quo
411 1148 876 1228 intellegendum
923 1157 1016 1209 est
1061 1165 1183 1229 θοις,
1230 1150 1334 1227 qui
1378 1146 1527 1209 haec
1571 1147 1754 1209 rebus
1796 1150 2036 1209 nomina
2072 1156 2426 1230 posuerunt,
2471 1166 2612 1209 sen-

247 1242 398 1300 sisse
453 1236 569 1299 hoc
621 1237 808 1319 idem,
875 1237 1035 1317 quod
1091 1256 1124 1298 a
1182 1237 1427 1298 Socrate
1484 1245 1795 1317 acceptum
1851 1236 2167 1317 diligenter
2223 1236 2410 1299 Stoici
2463 1238 2614 1299 reti-

247 1335 532 1407 nuerunt,
577 1344 786 1388 omnes
833 1326 1185 1405 insipientes
1232 1344 1365 1387 esse
1413 1343 1534 1386 non
1584 1343 1776 1386 sanos.
1870 1325 1986 1397 Qui
2031 1332 2126 1387 est
2173 1329 2332 1387 enim
2380 1328 2621 1387 animus

249 1418 311 1476 in
360 1416 558 1495 aliquo
605 1415 814 1475 morbo
855 1448 938 1457 -—
978 1413 1223 1475 morbos
1264 1421 1466 1475 autem
1502 1414 1616 1475 hos
1650 1413 2035 1494 perturbatos
2071 1423 2287 1496 motus,
2332 1424 2401 1476 ut
2437 1414 2622 1476 modo

252 1504 407 1585 dixi,
461 1503 799 1583 philosophi
855 1502 1151 1583 appellant
1202 1535 1313 1585 —,
1371 1520 1494 1564 non
1548 1504 1738 1582 magis
1792 1509 1884 1564 est
1929 1521 2110 1564 sanus
2157 1522 2334 1583 quam
2378 1503 2439 1564 id
2487 1521 2624 1564 cor-

249 1611 385 1674 puS,
433 1592 590 1672 quod
639 1595 704 1653 in
750 1591 960 1653 morbo
1006 1600 1116 1654 est.
1210 1591 1296 1653 Ita
1343 1592 1409 1653 fit
1455 1599 1525 1653 ut
1570 1593 1859 1671 sapientia
1904 1593 2125 1653 sanitas
2171 1594 2250 1654 sit
2283 1593 2485 1673 animi,
2525 1594 2619 1653 in·-

254 1683 533 1761 sipientia
580 1689 781 1743 autem
829 1683 999 1760 quasi
1051 1683 1338 1743 insanitas
1386 1680 1706 1761 quaedam,
1762 1698 1913 1759 quae
1968 1687 2063 1744 est
2106 1682 2335 1742 insania
2382 1680 2620 1742 eadem-

250 1789 369 1849 que
437 1769 762 1851 dementia3
827 1768 1134 1849 multoque
1200 1768 1415 1831 melius
1480 1768 1627 1830 haec
1687 1776 1887 1829 notata
1944 1775 2088 1830 sunt
2138 1769 2338 1831 verbis
2391 1768 2623 1831 Latinis

250 1877 428 1938 quam
476 1858 748 1940 GraeciS‚
810 1858 967 1937 quod
1028 1857 1159 1919 aliis
1215 1877 1455 1938 quoque
1504 1856 1707 1919 multis
1752 1856 1900 1919 locis
1946 1853 2301 1938 reperietur.
2394 1857 2510 1919 Sed
2556 1858 2625 1918 id

250 1947 421 2029 alias;
467 1965 628 2009 nunc
676 1948 832 2027 quod
881 1949 1079 2008 instat.

161 2049 225 2097 11
428 2036 647 2097 Totum
692 2038 874 2115 igitur
920 2035 1203 2116 id,-quod
1253 2039 1620 2117 quaerimus,
1664 2034 1804 2116 quid
1856 2044 1918 2097 et
1963 2034 2137 2115 quale
2187 2037 2267 2098 sit
2313 2035 2480 2097 verbi
2528 2037 2623 2096 vis

251 2210 459 2278 tex-ung
513 2225 583 2262 zu
631 2208 934 2278 acyrotatio
979 2205 1095 2261 und
1146 2163 1382 2263 morbus.

1564 2206 1708 2275 Καρ.
1755 2202 1815 2261 ὅ.
1894 2212 1979 2263 10.
2025 2207 2322 2261 amentiam
2370 2206 2625 2262 eandem-

251 2277 391 2333 Hier
444 2277 522 2333 ist
575 2278 678 2333 das
734 2276 904 2334 Wort
955 2278 1235 2333 insanitas
1288 2294 1383 2349 ge-

1491 2293 1595 2349 que
1629 2278 1793 2334 dem..-
1829 2292 2016 2333 amena
2049 2277 2126 2333 ist
2152 2277 2253 2333 der
2281 2276 2463 2334 seiner
2480 2275 2623 2333 Ver-

250 2348 518 2420 braucht,
572 2350 674 2405 das
721 2348 1029 2420 eigentlich
1076 2348 1175 2403 der
1218 2349 1382 2404 latei-

252 2420 489 2475 nischen
520 2420 767 2490 Sprache
794 2419 976 2475 fremd
1006 2420 1110 2487 ist,
1137 2418 1254 2475 und
1281 2420 1384 2475 das

259 2490 372 2547 cie.
395 2491 632 2547 deahalb
646 2532 660 2558 ,
690 2507 778 2546 wo
801 2506 863 2545 er
888 2507 947 2546 es
973 2490 1052 2544 im
1069 2490 1384 2561 Gegensatz

254 2581 322 2618 zu
377 2563 594 2618 sanitas
648 2561 916 2628 breuem,
982 2562 1158 2616 durch
1221 2564 1386 2632 quasi

257 2632 659 2704 entechuldigt.
733 2632 838 2688 Die
900 2649 1075 2703 ganzo
1131 2631 1384 2688 Erlaute·

253 2722 401 2775 rung
449 2704 532 2759 ist
573 2705 813 2770 unniitz,
869 2702 1000 2759 weil
1050 2703 1142 2758 die
1189 2703 1386 2759 Worlze

256 2777 560 2847 acyrotatio
622 2775 739 2831 und
800 2776 1022 2830 morbus
1085 2773 1387 2831 selbstver-

258 2847 537 2902 sfflndlioh
592 2845 744 2913 sind,
809 2846 924 2901 und
983 2846 1205 2901 enthelt
1259 2845 1385 2901 eine

255 2917 437 2987 vollig
471 2917 878 2988 ungeschickte
915 2916 1280 2986 Tautologie3
1329 2919 1386 2985 2)

257 2987 358 3043 der
394 2988 641 3043 stoische
678 2987 922 3057 Beweis,
961 2986 1085 3042 dass
1122 2987 1235 3042 alle
1273 2987 1384 3042 Un-

256 3059 470 3114 weisen
522 3059 717 3114 insani
772 3058 913 3112 sind.
987 3056 1186 3113 Dieser
1232 3057 1387 3128 passt

255 3131 419 3186 nicht
471 3128 532 3184 in
587 3129 697 3184 den
747 3129 1255 3199 zusammenhang,
1312 3130 1387 3184 da.

258 3201 482 3273 gezeigt·
516 3200 744 3255 werden
780 3198 919 3269 soll,
955 3199 1248 3255 inwiefern
1284 3200 1384 3254 das

258 3270 539 3329 romische
565 3270 717 3327 Volk
745 3271 835 3327 die
867 3269 1269 3326 Leidenschaft
1297 3270 1387 3326 fiir

258 3343 788 3399 Geisteskrankheit
841 3341 1104 3398 erklarte.
1178 3341 1255 3396 Es
1309 3340 1388 3396 ist

256 3415 444 3469 feruet
507 3415 819 3485 philosophi
880 3415 1106 3484 gesagt,
1174 3429 1261 3468 wo
1328 3429 1386 3466 es

258 3486 437 3541 Stoici
462 3485 680 3540 heissen
706 3484 928 3542 miil'ste.
994 3484 1069 3540 Es
1096 3483 1246 3555 folgt
1271 3500 1388 3540 cen·
1415 3478 1418 3481 ’

260 3557 470 3624 sebam,
497 3572 657 3612 wozu
684 3556 784 3611 der
813 3556 950 3611 Sinn
978 3555 1193 3611 fordert
1219 3556 1387 3610 maio-

259 3643 346 3682 res
390 3628 570 3682 nostri
614 3626 701 3681 als
749 3626 990 3696 Subjekt
1033 3644 1100 3681 zu
1148 3625 1388 3692 denken‚

262 3696 528 3753 wahrend
556 3696 961 3768 grammatisch
990 3697 1112 3752 sich
1137 3715 1244 3752 nur
1259 3698 1389 3766 phi·

263 3769 476 3840 losophi
510 3772 788 3838 erganzen
823 3766 972 3823 latet.
1038 3769 1200 3822 Auch
1237 3769 1388 3823 sani-

264 3846 428 3895 tatem
476 3840 621 3894 em‘m
681 3837 935 3893 sehliel'st
988 3838 1108 3893 sich
1158 3857 1266 3894 nm·
1315 3855 1391 3893 an

263 3912 642 4037 ⁹¹⁴5&ssngss
666 3910 1019 4035 Ἤῖαᾌῖζ
1059 3910 1391 4036 ‘fwffib‘ffi

289 4053 402 4124 olg.
438 4023 669 4122 Kapitel’
713 4053 1003 4122 diliqenter
1039 4050 1213 4107 Stoici
1261 4052 1389 4106 reti·

263 4128 508 4180 nuerwnt
536 4153 603 4164 ·——
631 4123 904 4179 dementia
937 4123 1185 4191 wiirden‚
1227 4137 1392 4177 wenn

267 4193 379 4250 Cic.
426 4193 580 4249 diese
629 4192 809 4248 Stelle
855 4193 981 4249 hier
1025 4192 1393 4264 geschrieben

265 4266 446 4335 hatte,
481 4263 817 4334 iiberfliissig
852 4264 988 4325 sein.

1492 2349 1658 2404 nunft
1735 2347 1875 2403 oder
1934 2348 2260 2420 Besinnung
2327 2349 2629 2416 beraubte‚

1492 2420 1667 2476 daher
1713 2436 1773 2475 es
1821 2419 1909 2474 oft
1942 2445 2011 2466 ===
2060 2422 2331 2476 attonitus
2374 2419 2476 2486 ist3
2532 2421 2629 2475 de·

1492 2508 1665 2558 mena,
1734 2490 1836 2545 der
1887 2490 2103 2562 infolge
2156 2508 2272 2547 von
2317 2490 2626 2546 Verkehrt-

1493 2560 1616 2617 heit
1659 2561 1760 2617 des
1798 2561 1998 2616 Sinnes
2044 2562 2445 2633 unvernfinftig
2479 2563 2625 2618 han-

1495 2633 1632 2701 delt,
1669 2653 1715 2689 z.
1753 2633 1814 2689 B.
1851 2634 2044 2689 scelere
2079 2635 2308 2691 dentem.

1566 2722 1603 2759 a
1622 2703 1847 2760 Socrate
1864 2709 2158 2775 acceptum.
2179 2705 2436 2774 Xenoph.
2450 2720 2624 2761 mem.

1493 2776 1574 2830 III
1611 2781 1671 2844 9,
1718 2782 1749 2831 6
1799 2777 2040 2830 Μανίαν
2086 2795 2151 2844 γε
2199 2771 2314 2845 μὴν
2358 2772 2629 2831 ἐναντίον

1495 2843 1602 2916 μὲν
1641 2844 1755 2934 ἔφη
1793 2842 1944 2901 εἶναι
1983 2848 2178 2934 σοφίᾳ,
2215 2843 2284 2901 οὔ
2323 2845 2517 2917 μέντοι
2554 2865 2627 2916 γε

1494 2912 1600 2987 τὴν
1653 2934 1862 2972 avemo
1931 2935 2185 2986 μοσυνην
2235 2919 2457 2988 μανίαν,
2496 2911 2629 2972 §vd-—

1495 2991 1671 3075 ξιζεν.
1743 2984 1807 3042 τὸ
1862 2937 1929 3043 33
1981 2983 2219 3058 ἀγνοεῖν
2268 2985 2477 3044 ἑαυτὸν
2522 2988 2627 3044 καὶ

1496 3078 1534 3112 α
1572 3053 1650 3128 μὴ
1691 3055 1812 3113 οἶδε
1850 3056 2113 3126 δοξάζειν
2144 3066 2210 3114 ’τε
2248 3059 2348 3114 καὶ
2389 3061 2625 3116 οἴεσθαι

1495 3124 1830 3198 γιγνώσκειν
1869 3125 2158 3199 ἐγγυτάτω
2195 3132 2405 3201 μανίας
2441 3127 2627 3200 ἐλογί-

1497 3203 1620 3266 ζετο
1661 3196 1825 3255 εἶναι.
1900 3203 2052 3256 Aber
2097 3202 2371 3257 zwischen
2410 3201 2627 3257 diesem

1497 3271 1821 3342 Ausspruch
1876 3270 1977 3326 des
2027 3272 2296 3328 Sokrates
2353 3272 2469 3328 und
2526 3272 2635 3328 der

1495 3342 1675 3398 Lehre
1727 3341 1827 3397 der
1879 3342 2106 3398 Stoiker
2152 3344 2229 3398 ist
2274 3343 2424 3400 doch
2474 3342 2629 3399 inso-

1497 3414 1618 3468 fern
1657 3412 1750 3467 ein
1787 3413 2185 3483 Unterschied‚
2233 3414 2320 3469 als
2357 3415 2635 3471 Sokrates

1497 3483 1659 3539 nicht
1701 3484 1847 3538 nach
1894 3484 2077 3540 einem
2133 3486 2470 3541 absh-akten
2514 3486 2630 3540 Tu·

1435 3552 1440 3557 ’
1499 3553 1802 3626 gendideal
1836 3554 1929 3609 die
1966 3555 2247 3612 Weisheit
2282 3556 2444 3612 mass.

1573 3625 1687 3697 Qui
1738 3632 1816 3680 est
1863 3627 2009 3682 enim
2059 3630 2167 3682 cet.
2240 3628 2316 3682 Es
2371 3646 2427 3682 m
2577 3628 2635 3683 le

1499 3695 1627 3751 dem
1685 3695 1847 3752 Satze
1901 3698 2095 3753 rechte
2150 3698 2427 3755 Klarheit.
2555 3698 2627 3754 ic.

1499 3768 1660 3824 hatte
1716 3784 1888 3837 sagen
1943 3769 2146 3825 sollen:
2204 3769 2305 3824 der
2348 3787 2460 3825 von
2495 3769 2626 3825 Lei-

1500 3839 1868 3894 denschaften
1895 3840 2153 3912 bewegte
2171 3838 2333 3895 Geist
2357 3841 2629 3897 entbehrt

1501 3909 1600 3964 der
1617 3908 1941 3982 Besinnung
1958 3911 2074 3967 und
2104 3910 2182 3966 ist
2198 3910 2397 3966 darum
2424 3911 2633 3967 krank.

1570 3982 1717 4050 quod
1751 3982 1943 4051 instat,
1985 3981 2125 4039 ‘was
2163 3981 2432 4052 obliegt'3
2477 3983 2629 4053 quoa

1497 4058 1669 4108 restat
1722 4053 1912 4108 wfirde
1969 4052 2212 4108 heissen:
2282 4053 2423 4108 ‘was
2479 4054 2633 4110 noch

1501 4141 1568 4178 zu
1602 4122 1923 4178 behandeln
1957 4124 2125 4194 iibrig
2158 4122 2280 4179 ist’.

1576 4200 1660 4250 11.
1696 4196 1848 4250 verbi
1873 4197 1976 4263 via,
2013 4195 2106 4251 die
2136 4194 2501 4265 Etymologie
2531 4196 2637 4251 des

1500 4264 1742 4321 Wortes.
