2902 4649
631 139 1237 196 TUSCULANARUM
1270 136 1884 192 DISPUTATIONUM
1919 136 2014 193 ΠΙ.
2056 143 2284 194 65-70.
2552 136 2638 201 39

668 306 853 383 frenci
900 314 1149 385 repente
1196 304 1366 368 uictu
1407 304 1819 410 exaquantur
1865 323 2052 376 novo;

672 398 785 458 sed
827 394 951 457 iam
994 398 1286 498 subactus
1331 391 1596 455 miseriis
1641 395 1939 471 obtorpui.

268 505 625 582 Defetigatio
672 505 856 582 igitur
901 485 1277 564 miseriarum
1324 499 1727 580 aegritudines
1784 517 1921 562 cum
1978 501 2154 562 faciat
2207 465 2494 582 leniores,
2549 502 2637 561 in·

268 593 475 671 tellegi
522 609 769 652 necesse
816 599 911 653 est
956 610 1074 652 non
1123 609 1250 651 rem
1297 593 1489 670 ipsam
1536 607 1773 650 causam
1821 596 1999 669 atque
2043 590 2270 651 fontem
2308 608 2440 651 esse
2479 607 2636 651 mae-

268 685 448 743 roris.
538 680 884 760 Philosophi
949 682 1167 741 summi
1231 678 1576 786 nequedum
1640 686 1838 740 tamen
1906 681 2255 759 sapientiam
2325 680 2634 740 consecuti
2654 693 2723 744 68

267 789 471 832 nonne
517 769 871 849 intellegunt
916 772 978 830 in
1026 787 1257 830 summo
1307 787 1372 829 se
1419 767 1574 828 malo
1621 764 1800 829 esse?
1874 768 2028 829 Sunt
2066 771 2226 829 enim
2240 770 2633 849 insipientes,

268 878 468 939 neque
528 860 868 938 insipientia
929 858 1118 919 ullum
1177 860 1366 919 maius
1425 856 1648 918 malum
1712 865 1826 938 est3
1894 875 2091 936 neque
2151 864 2351 918 tamen
2409 857 2633 937 lugent.

265 948 430 1021 Quid
489 944 613 1009 ita?
688 950 826 1027 quia
882 947 1023 1008 huic
1084 949 1291 1027 generi
1349 946 1642 1007 malorum
1700 964 1820 1006 non
1882 945 2201 1025 adfingitur
2268 946 2369 1007 illa
2429 947 2631 1025 opinio
2734 947 2742 956 “

268 1044 506 1098 rectum
554 1055 684 1098 esse
732 1044 797 1097 et
840 1054 1096 1116 aequum
1144 1043 1205 1096 et
1250 1035 1321 1096 ad
1370 1036 1633 1095 officium
1680 1038 1984 1115 pertinere
2031 1053 2208 1115 aegre
2246 1035 2425 1117 ferre,
2472 1034 2632 1131 quod

265 1128 507 1206 sapiens
562 1144 683 1187 non
739 1128 846 1207 sie,
905 1124 1064 1205 quod
1119 1124 1277 1185 idem
1334 1124 1688 1203 adfingimus
1743 1123 1886 1185 huic
1943 1124 2328 1206 aegritudini,
2388 1126 2452 1185 in
2513 1127 2632 1204 qua

267 1215 471 1276 luctus
515 1217 691 1295 inest,
738 1232 890 1295 quae
940 1216 1205 1275 omnium
1251 1230 1526 1274 maxuma
1572 1221 1680 1274 est.
1763 1212 1971 1291 Itaque
2008 1212 2359 1274 Aristoteles
2396 1222 2630 1275 veteres
2651 1230 2718 1279 69

265 1302 655 1384 philosophos
702 1322 1006 1384 accusans,
1056 1305 1161 1382 qui
1202 1304 1702 1363 existimavissent
1736 1301 2173 1382 philosophiam
2211 1304 2336 1364 suis
2373 1304 2630 1381 ingeniis

265 1411 403 1454 esse
450 1393 806 1474 perfectam,
865 1394 947 1453 ait
1002 1410 1105 1453 eos
1162 1399 1264 1452 aut
1318 1390 1702 1452 stultissimos
1758 1399 1862 1452 aut
1917 1391 2378 1469 gloriosissimos
2424 1392 2631 1473 fuisse,

267 1482 378 1543 sed
425 1501 489 1543 se
536 1482 758 1562 videre,
805 1481 962 1560 quod
1010 1482 1218 1561 paucis
1266 1482 1436 1541 annis
1486 1498 1694 1559 magna
1740 1481 2003 1540 accessio
2046 1481 2199 1542 facta
2239 1489 2415 1562 esset,
2462 1479 2633 1540 brevi

263 1580 539 1651 tempore
587 1571 1021 1650 philosophiam
1076 1569 1250 1649 plane
1305 1568 1635 1630 absolutam
1689 1569 1835 1629 fore.
1928 1567 2375 1649 Theophrastus
2430 1578 2630 1630 autem

265 1662 534 1721 moriens
580 1677 892 1720 accusasse
941 1666 1212 1720 naturam
1258 1658 1496 1738 dicitur,
1543 1657 1700 1737 quod
1741 1659 1935 1719 cervis
1973 1666 2034 1718 et
2070 1658 2411 1719 cornicibus
2447 1660 2628 1719 vitam

261 1748 629 1829 diuturnam,
677 1765 932 1828 quorum
979 1747 1042 1808 id
1089 1747 1236 1807 nihil
1280 1749 1618 1827 interesset,
1666 1746 2022 1828 hominibuS,
2070 1765 2326 1827 quorum
2373 1750 2628 1808 maxime

263 1838 658 1918 interfuisset,
704 1845 826 1898 tam
872 1839 1146 1916 exiguam
1183 1838 1361 1897 vitam
1408 1834 1697 1896 dedisset:
1745 1854 2001 1914 quorum
2044 1839 2095 1906 si
2133 1844 2295 1897 aetas
2331 1838 2628 1916 potuisset

261 1944 399 1987 esse
446 1926 847 2006 longinquior,
894 1925 1164 1987 futurum
1203 1926 1388 1986 fuisse
1424 1932 1495 1985 ut
1532 1924 1807 1985 omnibus
1846 1926 2128 2005 perfectis
2166 1924 2414 2005 artibus,
2467 1928 2629 1986 omni

263 2015 538 2076 doctrina
587 2016 896 2076 hominum
944 2017 1060 2075 vita
1107 2014 1467 2075 erudiretur.
1555 2012 1933 2084 Querebatur
1970 2016 2154 2093 igitur
2194 2032 2257 2074 se
2296 2021 2442 2095 tum,
2489 2032 2628 2075 cum

270 2103 368 2164 illa
407 2103 610 2165 videre
650 2106 967 2184 coepisset,
1013 2105 1329 2183 exstingui.
1404 2098 1604 2173 Quid?
1650 2120 1721 2161 ex
1761 2105 1979 2163 ceteris
2016 2101 2384 2182 philosophis
2426 2121 2626 2163 nonne

261 2200 550 2273 optumus
607 2202 667 2253 et
721 2194 1106 2271 gravissimus
1164 2194 1418 2271 quisque
1476 2191 1795 2251 confitetur
1861 2190 2045 2252 multa
2102 2210 2165 2252 se
2229 2193 2506 2269 ignorare
2565 2199 2625 2252 et

268 2280 455 2343 multa
503 2281 617 2343 sibi
664 2279 841 2343 etiani
897 2288 1075 2360 atque
1132 2284 1309 2342 etiam
1357 2297 1488 2341 esse
1537 2275 1860 2341 discenda?
1948 2279 2156 2359 Neque
2203 2288 2429 2362 tamen,
2485 2298 2623 2342 cum
2645 2297 2715 2348 το

261 2389 332 2450 se
379 2374 440 2431 in
487 2371 680 2432 media
727 2370 995 2452 stultitia,
1042 2389 1158 2450 qua
1196 2369 1343 2431 nihil
1381 2378 1472 2431 est
1508 2371 1699 2450 peiuS,
1744 2369 1992 2431 haerere
2029 2369 2392 2450 intellegant,
2436 2373 2623 2450 aegri·

1494 2610 1828 2683 Vergleiche
1865 2612 2123 2682 dagegen
2159 2612 2269 2667 den
2297 2613 2619 2682 Ausspruch

1495 2683 1734 2738 Sallusts
1748 2724 1763 2751 ,
1813 2682 1940 2753 Jug.
1979 2684 2005 2737 I
2058 2684 2203 2749 falso
2256 2685 2507 2753 queritur
2549 2685 2618 2739 de

1491 2760 1704 2809 natum
1736 2770 1842 2809 sua
1884 2769 2055 2823 qenws
2101 2755 2429 2822 humanum,
2456 2756 2622 2824 quod

1491 2826 1762 2881 imbecilla
1799 2830 1961 2895 atque
1996 2826 2118 2880 aevi
2153 2826 2329 2881 brevis
2367 2827 2472 2881 oet.

1565 2897 1736 2952 cervis
1770 2901 1821 2950 et
1857 2897 2181 2952 cornicibus.
2223 2898 2276 2952 S.
2298 2915 2345 2953 z.
2364 2897 2390 2950 I
2416 2903 2504 2965 81,
2526 2903 2613 2952 77.

1493 2966 1638 3022 Vom
1682 2966 1884 3021 Hirsch
1938 2966 2253 3038 behauptet
2306 2967 2399 3023 die
2449 2968 2616 3039 Sage,

1490 3055 1552 3164 e}-
1586 3038 1772 3093 werde
1808 3043 1919 3093 400
1965 3039 2136 3093 Jahre
2181 3039 2267 3094 alt
2308 3039 2423 3094 und
2461 3040 2618 3094 ‘noch

1491 3115 1528 3165 ἒ.
1550 3112 1652 3165 ter.

1554 3182 1814 3252 perfectis
1850 3183 2066 3238 artibus
2101 3181 2608 3248 istAblat.abs01.‚

1496 3255 1664 3309 ‘nach
1675 3253 2087 3351 vollstandiger
2094 3251 2451 3322 Ausbildung
2466 3252 2614 3346 aller

1490 3324 2013 3379 wissenschaften'.

1562 3397 1724 3449 etiam
1761 3399 1922 3462 atque
1956 3395 2148 3459 etiam,·
2201 3394 2322 3449 hier
2356 3392 2517 3448 nicht
2552 3394 2614 3449 111

340 2616 422 2667 68.
459 2613 810 2681 sapientiam,
834 2613 1084 2668 numlieh
1109 2612 1258 2668 nach
1284 2612 1385 2668 der

265 2683 446 2738 Lehre
482 2684 583 2738 der
611 2683 850 2751 81011191,
886 2684 1100 2739 welche
1136 2684 1386 2754 behaup-

257 2755 445 2823 tehen,
501 2753 622 2810 dare
667 2754 767 2809 das
811 2726 969 2809 I'deal
1014 2756 1111 2810 des
1155 2702 1386 2810 Weisen

263 2796 554 2895 aberh’aup
555 2829 584 2881 t
647 2842 759 2881 von
815 2825 1077 2880 niemand
1142 2826 1387 2881 erreicht

260 2897 362 2951 sei.
416 2895 469 2950 S.
490 2896 735 2965 911Π22,
754 2902 840 2952 51.
891 2897 1055 2952 'Na-oh
1082 2895 1181 2952 der
1209 2897 1386 2952 stren-

257 2983 375 3037 3911
428 2967 610 3022 Lehre
674 2968 774 3022 der
830 2968 1033 3023 Schule
1090 2966 1219 3022 sind
1272 2968 1385 3023 alle

260 3038 642 3093 Nichtweisen
677 3038 865 3108 gleich
900 3037 1283 3108 ungliicklich.

333 3110 540 3174 luctus,
583 3109 709 3163 hier
752 3109 814 3164 in
858 3109 1040 3164 seiner
1077 3109 1383 3180 speciellen

258 3180 624 3250 Bedeutung:

256 3250 565 3306 Todesfall.

335 3327 421 3378 69.
458 3322 797 3390 Aristotelea,
835 3342 877 3378 s.
915 3343 960 3380 z.
999 3323 1026 3376 I
1061 3329 1115 3394 4,
1155 3330 1205 3380 7.
1277 3325 1383 3380 Die

257 3393 441 3449 Stelle
477 3395 642 3449 stand
670 3365 1182 3452 wahrscheinlich
1165 3414 1227 3450 ιιι
1255 3396 1383 3451 dem

717 3182 929 3236 Trauer
1008 3181 1147 3237 iiber
1219 3182 1384 3238 einen

256 3465 591 3520 verlorenen
652 3464 891 3536 Dialoge
964 3468 1096 3534 περὶ
1158 3470 1381 3535 φιλοσο-

255 3537 415 3604 φίας.
488 3536 593 3590 Β91
635 3537 746 3591 (1911
791 3538 947 3592 alten
983 3538 1212 3593 Philoso
1214 3538 1381 3607 phen,

257 3607 477 3662 welche
514 3607 634 3662 sich
672 3607 1035 3674 einbildeben‚
1072 3608 1163 3663 die
1189 3556 1380 3663 Philo·

251 3678 459 3748 sophie
496 3678 789 3734 vollendet
823 3697 892 3733 zu
926 3678 1111 3733 haben
1125 3721 1138 3746 ,
1179 3678 1381 3734 dachte

254 3748 597 3804 Aristoteles
642 3750 947 3804 besonders
1005 3766 1076 3804 an
1121 3749 1383 3804 Heraklit

255 3820 374 3874 und
411 3820 501 3876 die
532 3820 786 3886 Eleatem
831 3820 950 3875 ihm
989 3820 1164 3874 selbst
1198 3818 1383 3875 florete

253 3891 359 3946 der
402 3892 824 3974 Aufschwung,
887 3892 999 3946 den
1050 3892 1141 3945 die
1190 3891 1379 3946 Philo-

253 3962 453 4033 sophie
525 3963 634 4018 seit
706 3934 974 4018 Sok'rates
1043 3977 1381 4044 genommen

251 4034 435 4105 hatte,
474 4033 627 4089 diese
662 4034 855 4090 kiihne
890 4032 1176 4103 Hoffnung
1213 4033 1321 4088 91ιι.

333 4105 759 4175 1Ἶιεορ,ἢταετιιε
786 4125 829 4162 9.
852 4125 897 4160 z.
925 4105 1058 4172 119,
1075 4110 1163 4159 45.
1219 4104 1381 4162 Naoh

463 4177 652 4232 Laert.
690 4176 742 4231 V
777 4181 845 4231 41
880 4178 1046 4266 98319
1083 4192 1161 4264 er,
1199 4177 1283 4235 als
1322 4193 1382 4232 er

395 4220 500 4303 8111·
534 4246 619 4303 alt
646 4249 829 4303 sta-rb.
860 4243 1031 4338 ἡμεῖς
1066 4245 1175 4337 γὰρ
1214 4243 1375 4303 ὅποτ’

251 4314 564 4390 ἀρχόμεθα
601 4319 722 4390 ζῆν,
756 4314 877 4375 τότ’
918 4314 1379 4391 ἀποθνήσκομεν.

1489 3466 1618 3519 dem
1665 3462 2091 3534 gewohnlichen
2139 3463 2309 3520 Sinne
2353 3481 2465 3521 von
2513 3467 2613 3521 ite·

1486 3552 1614 3591 mm
1651 3541 1812 3605 atque
1846 3537 2042 3590 iterum
2056 3577 2074 3601 ,
2112 3536 2350 3591 condem
2390 3537 2615 3593 ‘immet

1488 3607 1648 3661 mehr
1700 3606 1817 3660 und
1869 3607 2052 3674 mehr,
2108 3605 2168 3660 111
2224 3607 2406 3663 91119111
2451 3607 2611 3664 fort’.

1489 3678 1563 3732 ad
1609 3677 1740 3732 fam.
1779 3676 1858 3730 VI
1895 3683 1989 3746 22,
2030 3684 2060 3732 1
2105 3678 2236 3732 haec
2278 3696 2613 3749 quamquam

1489 3750 1664 3804 mhilo
1725 3749 1954 3803 meliora
2016 3754 2177 3815 stmt,
2239 3766 2390 3804 nune
2447 3752 2613 3805 etiam

1491 3825 1651 3890 atque
1688 3821 1852 3875 etiam
1886 3821 2058 3874 'molto
2093 3820 2488 3899 desperatwra,
2526 3828 2611 3877 ta—

1485 3909 1607 3947 men
1640 3893 1835 3946 inanes
1871 3907 1980 3946 case
2013 3907 2161 3945 meas
2197 3893 2410 3947 litteras
2442 3909 2610 3962 quam

1485 3964 1670 4018 nullas
1722 3964 1914 4018 malui.
1986 3963 2067 4017 Ib.
2106 3962 2238 4017 XVI
2276 3969 2306 4018 ’1
2363 3978 2502 4018 cura
2545 3970 2611 4019 ut

1484 4035 1669 4089 valeas
1739 4036 1902 4090 etiam
1975 4040 2138 4104 atque
2204 4036 2397 4102 etiam,
2478 4034 2611 4091 Timo

1485 4109 1682 4161 nuder.

1558 4182 1641 4233 70.
1689 4178 1931 4243 haerere,
1991 4175 2271 4247 befangen
2322 4177 2458 4233 sein.
2534 4178 2606 4234 de

1486 4247 1577 4302 fin.
1616 4249 1668 4302 II
1706 4253 1800 4316 32,
1843 4255 1942 4304 106
1998 4253 2064 4305 bu
2104 4253 2250 4304 totus
2300 4250 2488 4306 haeres
2541 4251 2608 4307 in

1486 4335 1724 4390 corpore.
