2902 4649
679 134 1278 192 TUSCULANARUM
1313 133 1924 190 DISPUTATIONUM
1960 133 2054 189 111.
2098 140 2251 191 1-4.
2602 134 2644 199 5

281 321 404 383 que
463 303 878 384 desciscimus,
933 309 1001 363 ut
1056 300 1229 364 nobis
1285 302 1509 381 optime
1563 309 1809 361 naturae
1867 302 1985 360 vim
2043 300 2259 362 vidisse
2318 300 2646 384 videantur,

283 394 392 471 qui
436 390 584 453 nihil
631 390 845 453 melius
899 390 1152 473 homini,
1209 389 1356 450 nihil
1413 391 1599 469 magis
1656 388 2082 470 expetendum,
2142 389 2288 450 nihil
2341 399 2645 469 praestan·

282 483 409 543 tius
461 479 819 561 honoribuS‚
876 481 1175 561 imperiis,
1229 478 1503 559 populari
1557 477 1743 558 gloria
1802 477 2229 539 iudicaverunt.
2322 478 2408 539 Ad
2468 498 2644 559 quam

284 571 483 631 fertur
519 576 800 649 optumus
840 570 1115 649 quisque,
1160 586 1482 647 veramque
1518 565 1678 627 illam
1713 566 2086 628 honestatem
2125 576 2430 650 expetens,
2469 587 2646 648 quam

284 676 469 719 unam
516 667 726 719 natura
775 660 1026 718 maxime
1082 658 1371 737 anquirit,
1434 658 1496 716 in
1554 674 1783 735 summa
1838 658 2121 717 inanitate
2178 664 2451 717 versatur
2507 676 2645 718 con-

286 755 675 826 sectaturque
732 746 954 807 nullam
1010 748 1372 807 eminentem
1432 745 1691 824 effigiem
1746 746 2010 825 virtutiS,
2076 744 2178 806 sed
2239 746 2646 807 adumbratam

283 838 607 916 imaginem
652 835 890 915 gloriae.
981 834 1092 897 Est
1137 837 1295 896 enim
1334 833 1520 914 gloria
1560 832 1746 895 solida
1786 834 2072 913 quaedam
2111 853 2210 895 res
2249 843 2308 895 et
2346 853 2647 916 expressa,

285 943 411 987 non
457 923 827 986 adumbrata:
884 942 951 984 ea
1012 932 1105 985 est
1159 925 1542 984 consentiens
1595 923 1725 983 laus
1772 921 2096 1006 bonorum,
2140 925 2490 1003 incorrupta
2534 943 2645 985 vox

285 1014 447 1076 hene
492 1014 882 1075 iudicantium
928 1012 1002 1073 de
1050 1011 1362 1074 excellenti
1409 1014 1649 1092 virtute,
1697 1030 1765 1071 ea
1804 1014 2009 1073 virtuti
2056 1019 2298 1073 resonat
2345 1022 2646 1093 tamquam

283 1105 500 1182 imago.
594 1102 760 1174 Quae
808 1104 946 1181 quia
992 1109 1158 1162 recte
1205 1101 1499 1162 factorum
1547 1099 1900 1181 plerumque
1949 1118 2149 1162 comes
2205 1111 2323 1182 est,
2379 1120 2498 1162 non
2555 1112 2650 1163 est

286 1190 466 1253 honis
510 1193 655 1252 viris
700 1189 1083 1270 repudianda.
1171 1189 1274 1251 Illa
1323 1198 1551 1271 autem,
1602 1208 1753 1269 quae
1802 1207 1867 1250 se
1916 1191 2045 1250 eius
2091 1192 2469 1252 imitatricem
2516 1206 2703 1254 esse4

287 1280 431 1362 volt,
484 1282 795 1341 temeraria
843 1288 1021 1359 atque
1067 1279 1505 1340 inconsiderata
1552 1286 1612 1341 et
1655 1278 2010 1359 plerumque
2057 1288 2439 1358 peccatorum
2480 1282 2648 1341 vitio·

289 1387 548 1449 rumque
603 1368 922 1450 laudatrix,
978 1369 1131 1429 fama
1186 1368 1517 1448 populariS‚
1579 1366 1957 1428 simulatione
2013 1366 2343 1430 honestatis
2398 1369 2650 1430 formam

291 1459 425 1519 eius
461 1457 1088 1538 pulchritudinemque
1129 1459 1478 1536 corrumpit.
1559 1456 1687 1528 Qua
1727 1459 1950 1517 caecati
1988 1457 2260 1518 homines
2297 1476 2434 1519 cum
2474 1477 2650 1538 quae-

290 1547 428 1608 dam
475 1548 651 1608 etiam
697 1546 998 1627 praeclara
1055 1555 1349 1626 cuperent
1399 1563 1588 1626 eaque
1639 1547 1942 1607 nescirent
1987 1564 2100 1607 nec
2147 1545 2251 1607 ubi
2296 1565 2409 1608 nec
2457 1547 2649 1627 qualia

290 1645 513 1717 essent,
558 1635 828 1696 funditus
874 1634 974 1696 alii
1019 1643 1368 1697 everterunt
1415 1653 1554 1696 suas
1601 1637 1869 1695 civitates
1878 1682 1897 1717 ‚
1954 1634 2051 1695 alii
2107 1637 2224 1715 ipsi
2281 1635 2649 1697 occiderunt.

290 1725 474 1804 Atqui
516 1724 580 1784 hi
626 1723 868 1803 quidem
914 1732 1156 1804 optuma
1202 1731 1480 1803 petentes
1527 1741 1646 1783 non
1693 1731 1815 1785 tam
1861 1723 2163 1784 voluntate
2212 1742 2386 1804 quam
2437 1743 2651 1786 cursus

291 1831 502 1874 errore
557 1812 860 1875 falluntur.
955 1810 1155 1884 Quid?
1212 1815 1315 1892 qui
1368 1814 1662 1892 pecuniae
1719 1811 2043 1892 cupiditate
2052 1861 2070 1894 ‚
2133 1815 2235 1891 qui
2282 1812 2651 1893 voluptatum

291 1901 538 1964 libidine
584 1902 889 1984 feruntur,
937 1919 1314 1982 quorumque
1362 1905 1442 1962 ita
1490 1900 1923 1982 perturbantur
1971 1902 2177 1984 animi,
2224 1912 2293 1963 ut
2338 1920 2454 1962 non
2503 1902 2651 1963 mul-

290 1998 420 2052 tum
470 1990 666 2052 absint
712 1991 785 2051 ab
832 1992 1086 2072 insania,
1136 1989 1323 2069 [quod
1371 1990 1794 2069 insipientibus
1841 1991 2132 2068 contingit
2179 1989 2511 2071 omnibus‚]
2559 1991 2651 2052 his

287 2255 538 2321 saeptum
595 2255 755 2321 atque
806 2252 1096 2306 munitum.
1170 2249 1222 2303 II
1276 2255 1306 2316 ξ
1346 2255 1413 2304 47
1526 2250 1665 2316 cius,
1703 2249 1755 2303 d.
1779 2248 1816 2302 i.
1851 2250 2062 2319 alariae
2089 2253 2357 2320 genennt,
2385 2251 2652 2306 wahrend

292 2330 342 2379 et
379 2322 723 2393 lanyuidum.
780 2321 909 2393 Vgl.
948 2341 1017 2377 zu
1054 2321 1133 2377 IV
1173 2328 1329 2389 7,16
1367 2329 1418 2377 et
1527 2319 1626 2375 der
1662 2320 1853 2376 wahre
1891 2320 2076 2376 Ruhm
2126 2320 2211 2377 als
2257 2338 2343 2378 rea
2386 2323 2566 2378 solida
2602 2330 2653 2379 et

287 2395 514 2450 aim'lia.
1525 2408 1782 2462 expressa
1817 2392 2147 2449 bezeichnet
2181 2393 2337 2448 wird.

360 2470 602 2520 naturae
636 2466 748 2520 vim
781 2466 1014 2532 vidisse,
1057 2463 1181 2519 ‘das
1210 2465 1415 2520 Wesen
1599 2464 1728 2519 bene
1761 2464 2160 2532 iudicantium,
2215 2464 2446 2536 ‘richtig
2481 2466 2652 2521 nrtei·

291 2536 393 2591 der
427 2536 610 2591 Natu:
646 2535 888 2591 erkannt
921 2535 1151 2590 haben’.
1205 2535 1333 2606 vgl.
1363 2535 1417 2589 H
1525 2534 1771 2600 lender'·
1840 2534 2075 2604 vgl.111
2124 2542 2219 2605 16,
2266 2542 2337 2590 34
2381 2537 2524 2591 male
2569 2553 2650 2592 re·

290 2612 379 2677 26,
408 2612 479 2662 68
515 2608 708 2676 opinio
736 2608 918 2662 valeat
943 2607 1255 2673 honestatis,
1295 2622 1416 2662 cum
1520 2606 1888 2675 prehendunt
1962 2604 2012 2660 V
2045 2611 2133 2675 20,
2163 2612 2230 2661 57
2270 2608 2400 2663 bene
2434 2608 2653 2663 intuen-

288 2680 473 2748 ipsam
507 2678 689 2733 videre
723 2694 839 2734 non
865 2679 1098 2748 possint
1527 2677 1690 2732 tibus.

361 2753 613 2874 agatem
665 2780 737 2790 —
789 2754 1160 2821 consectatur,
1229 2748 1418 2804 indem
1598 2753 1709 2802 tam
1824 2765 1879 2803 m
1923 2750 2131 2818 imayo,
2175 2748 2425 2804 numlich
2470 2751 2653 2820 imayo

289 2836 352 2875 er
566 2821 754 2875 wahre
789 2814 1046 2890 Tugend
1110 2820 1189 2873 im
1246 2819 1418 2876 Sinne
1525 2818 1690 2885 voc-ia,
1776 2818 1901 2875 c.ho

290 2891 409 2959 hat,
446 2909 516 2945 zu
555 2892 842 2947 eretreben
877 2891 1056 2946 meint
1080 2921 1150 2930 —
1188 2891 1321 2962 jagt
1358 2907 1419 2945 er
1603 2894 1652 2944 4.
1689 2905 1745 2944 se
1771 2892 1890 2944 eius
1916 2891 2279 2945 imitatricem.
2317 2891 2488 2962 Folgt
2506 2893 2654 2947 nach

288 2962 453 3017 nach.
1528 2961 1661 3015 velle
1698 2960 1791 3015 ein
1826 2959 2074 3016 Infinitiv
2112 2977 2246 3030 ease,
2283 2963 2500 3030 haberi,
2542 2964 2656 3017 ‘fiir

360 3034 677 3090 minentem
714 3033 973 3103 effiyiem:
1024 3034 1290 3100 eminens,
1327 3050 1416 3088 ex-
1530 3033 1706 3087 etwas
1758 3032 2024 3102 gehalten
2075 3033 2345 3101 werden&
2402 3050 2463 3090 so
2515 3036 2657 3089 setzt

281 3120 487 3174 pressa
530 3105 737 3175 effiyies
781 3104 1113 3160 bezeichnet
1161 3103 1255 3160 die
1289 3121 1421 3159 run·
1533 3101 1644 3159 Cic.
1691 3101 1893 3157 immet
1937 3102 2049 3158 den
2092 3077 2396 3159 Accusativ
2446 3105 2554 3160 mit
2600 3106 2653 3160 d.

291 3177 431 3242 den,
480 3174 573 3229 die
617 3175 770 3230 volle
817 3175 1249 3258 Korpergestalt
1293 3192 1421 3230 ans·
1532 3174 1687 3228 Infin.
1764 3173 1972 3244 Hnufig
2007 3174 2151 3229 wird
2198 3191 2305 3230 esse
2347 3174 2406 3229 in
2442 3175 2654 3231 diesem

294 3245 658 3301 drfickenden
710 3245 973 3316 Poimen,
1030 3245 1137 3301 wie
1193 3244 1274 3301 sie
1330 3246 1421 3300 die
1533 3243 1695 3299 Falle
1732 3245 1879 3299 auch
1916 3245 2314 3315 weggelassen.
2373 3246 2424 3301 V
2465 3253 2547 3312 19,
2585 3251 2654 3301 64

293 3314 609 3388 plastische
636 3317 821 3372 Knnst
848 3289 1068 3386 schafft,
1096 3317 1175 3370 im
1204 3316 1286 3372 Ge
1288 3333 1422 3386 gen·
1529 3320 1718 3370 utrum
1761 3316 1950 3371 malles
1995 3321 2046 3371 te
2095 3346 2159 3356 —-
2206 3317 2364 3371 semel
2406 3322 2471 3370 ut
2515 3316 2653 3371 Lae-

294 3389 417 3443 satz
454 3406 522 3442 zu
561 3387 668 3443 den
690 3359 1139 3443 Schattenrissen
1179 3386 1280 3441 der
1300 3387 1419 3442 Zei-
1532 3387 1668 3441 lium
1705 3387 1990 3442 consulem.
2044 3386 2115 3440 de
2145 3386 2235 3443 off.
2264 3387 2318 3441 II
2346 3392 2431 3455 22,
2463 3392 2529 3441 78
2557 3389 2655 3457 qui

291 3459 638 3527 chenkunst,
704 3460 1064 3515 adumbratae
1126 3459 1417 3528 imayinoe,
1412 3480 1424 3493 ·
1486 3506 1500 3519 ,
1529 3473 1653 3512 vero
1690 3472 1746 3512 se
1772 3458 2074 3526 populares
2108 3458 2312 3512 volunt.

292 3530 472 3587 daher
508 3530 608 3583 das
645 3528 873 3585 lebendi
874 3546 961 3599 ge,
1005 3530 1235 3600 getreue
1271 3529 1417 3584 Bild.
1600 3542 1793 3583 curcua
1853 3544 2060 3595 errore,
2122 3527 2295 3585 durch
2352 3528 2657 3584 Verfehlen

293 3601 365 3656 de
397 3600 490 3657 off.
511 3602 589 3654 111
625 3606 709 3670 17,
737 3607 805 3657 69
843 3601 953 3657 Sed
988 3616 1089 3657 nos
1123 3602 1241 3656 veri
1275 3602 1421 3656 iuris
1530 3598 1630 3654 der
1665 3597 1895 3653 rechten
1931 3599 2113 3654 Bahn.

288 3688 687 3744 qemanaequc
757 3673 1004 3728 iustitiae
1075 3672 1309 3727 solidam
1370 3676 1421 3726 et
1601 3670 1747 3740 quod
1781 3671 2270 3740 insipientibm—
2299 3673 2554 3728 omnibus
2579 3673 2656 3729 ist

287 3759 602 3814 capre-asam
637 3743 870 3813 effigiem
914 3744 1128 3798 nullam
1165 3748 1420 3809 teramus,
1529 3740 1631 3796 der
1649 3741 1851 3797 Zusatz
1879 3741 2033 3797 eines
2052 3741 2476 3810 Abschreibers3
2506 3744 2654 3799 denn

287 3815 492 3871 umbra
527 3818 578 3870 et
612 3814 953 3885 imayinibue
987 3814 1215 3873 utimur.
1531 3809 1715 3866 dieser
1789 3813 1919 3868 Satz
1991 3813 2182 3868 wiirde
2264 3812 2358 3869 die
2429 3784 2654 3870 vbi-her-

361 3886 591 3941 viantis
644 3914 713 3925 --
768 3885 1009 3956 qlon’ae:
1082 3884 1162 3940 sie
1237 3885 1421 3955 gehen
1530 3883 1784 3953 gehende
1812 3883 2141 3955 Scheidung
2174 3884 2291 3939 und
2326 3884 2433 3939 mit
2462 3886 2635 3955 Quid.
2624 3885 2653 3926 9

288 3957 455 4013 nicht
480 3956 665 4011 einem
694 3955 1022 4012 deutlichen
1048 3955 1292 4011 Abbilde
1320 3957 1420 4011 der
1528 3953 1883 4023 eingefiihrte
1957 3955 2293 4039 Steigerung
2369 3956 2652 4012 aufheben

288 4026 528 4098 Tugend
566 4027 729 4096 nach,
768 4026 821 4084 d.
841 4028 898 4082 h.
924 4027 1005 4082 eie
1041 4027 1225 4098 gehen
1260 4028 1421 4083 nicht
1527 4025 1643 4079 und
1680 4025 1767 4080 als
1802 4026 2093 4096 unrichtig
2126 4026 2446 4097 hinstellen,
2483 4027 2558 4082 da
2586 4029 2654 4099 ja

289 4099 419 4154 dem
456 4098 730 4153 wahren
766 4098 1024 4153 Ruhme
1068 4098 1247 4167 nach,
1293 4114 1417 4154 son·
1526 4096 1847 4166 insipientes
1884 4097 2100 4154 sowohl
2136 4096 2228 4152 die
2256 4097 2399 4168 sind,
2432 4070 2654 4155 welche

290 4170 427 4225 dem
466 4169 653 4224 einem
682 4167 1107 4225 Schattenbilde
1137 4167 1237 4225 des
1266 4169 1418 4224 Ruh-
1529 4182 1629 4224 aus
1685 4169 1890 4223 Irrtum
1946 4168 2050 4223 auf
2098 4168 2274 4223 Abwe
2317 4185 2347 4223 e
2473 4172 2653 4239 raten,

289 4257 439 4307 mes,
509 4239 610 4295 der
662 4241 819 4307 fama
982 4241 1177 4296 alaris.
1251 4239 1418 4295 Diese
1527 4241 1613 4295 als
1678 4239 1796 4304 die,
1868 4239 2083 4294 welche
2147 4239 2283 4294 dure
2440 4240 2657 4311 eldgier

289 4312 432 4367 wird
478 4311 626 4367 auch
672 4311 749 4366 im
802 4311 859 4367 fo
885 4311 1105 4382 genden
1140 4312 1419 4369 imitatrix
1525 4309 1857 4368 verblendet
1891 4310 2132 4366 werden.
