2902 4649
583 131 1185 191 TUSCULANARUM
1220 85 1833 189 DISPUTATIONUM
1869 134 1936 190 V.
1976 140 2202 191 73—77.
2438 133 2568 201 135

206 302 413 384 video,
461 319 579 381 quo
625 301 801 363 modo
850 302 1058 363 sedare
1104 301 1338 381 possint
1382 298 1533 361 mala
1577 303 1913 381 praesentia
1957 304 2316 382 praeteritae
2363 300 2565 383 volup·

205 400 385 454 tates.
480 390 598 452 Sed
652 409 789 452 cum
843 392 896 451 is
943 390 1101 452 dicat
1156 400 1393 468 semper
1447 388 1688 451 beatum
1745 408 1878 452 esse
1925 393 2281 472 sapientem,
2336 394 2436 453 cui
2481 392 2566 453 di·
2588 404 2655 454 75

203 498 352 542 cere
399 480 539 562 hoc,
597 482 648 541 si
693 478 810 540 sibi
854 489 1129 541 constare
1178 477 1378 561 vellet,
1432 497 1554 540 non
1600 477 1838 562 liceret,
1899 479 2182 560 quidnam
2227 480 2566 543 faciendum

206 578 307 632 est
351 571 455 651 iis,
502 570 606 649 qui
652 567 798 630 nihil
845 567 1271 649 expetendum,
1318 567 1467 629 nihil
1511 570 1573 629 in
1618 567 1792 630 bonis
1838 568 2206 652 ducendum,
2254 569 2414 651 quod
2459 569 2566 630 ho-

212 665 444 720 nestate
492 667 708 739 careat,
756 653 1159 719 existumant?
1231 655 1326 718 Me
1374 657 1617 737 quidem
1661 666 1904 719 auctore
1953 661 2136 720 etiam
2179 658 2567 739 Peripatetici

210 755 567 827 veteresque
631 747 966 808 Academici
1037 739 1333 808 balbutire
1398 745 1715 826 aliquando
1776 747 2050 810 desinant
2115 755 2445 828 aperteque
2508 755 2570 808 et

211 835 374 898 clara
417 854 564 897 voce
611 836 867 898 audeant
911 834 1113 897 dicere
1160 834 1395 897 beatam
1440 837 1620 897 vitam
1677 838 1739 896 in
1785 835 2115 898 Phalaridis
2170 846 2413 899 taurum
2466 836 2567 898 de·

209 943 579 988 scensuram.
2588 953 2674 1019 27

397 1014 530 1076 Sint
574 1016 735 1076 enim
781 1017 896 1077 tria
942 1031 1161 1093 genera
1205 1012 1532 1095 bonorum,
1578 1022 1647 1075 ut
1691 1016 1808 1075 iam
1854 1033 1887 1075 a
1932 1014 2160 1095 laqueis
2209 1015 2566 1093 Stoicorum,
2588 1032 2656 1083 '16

205 1103 435 1185 quibus
489 1122 668 1165 usum
721 1122 817 1165 me
871 1102 1146 1184 pluribus
1202 1120 1378 1182 quam
1435 1100 1598 1164 soleo
1644 1102 1948 1185 intellego,
2006 1104 2359 1165 recedamus
2369 1151 2387 1184 ‚
2447 1105 2569 1164 sint

209 1212 368 1255 sane·
404 1191 503 1254 illa
548 1210 768 1273 genera
812 1191 1135 1272 bonorum,
1191 1191 1334 1253 dum
1389 1194 1660 1272 corporis
1717 1201 1778 1254 et
1837 1201 2082 1254 externa
2127 1195 2358 1255 iaceant
2401 1191 2571 1253 humi

205 1293 276 1344 et
321 1290 553 1344 tantum
599 1282 792 1362 modo,
839 1283 978 1362 quia
1023 1279 1310 1342 sumenda
1356 1282 1510 1367 siut,
1555 1280 1932 1361 appellentur
1976 1280 2158 1363 bona,
2212 1281 2323 1343 alia
2369 1289 2569 1342 autem

210 1370 312 1433 illa
365 1370 561 1431 divina
618 1369 792 1451 longe
848 1369 1084 1451 lateque
1140 1387 1205 1430 se
1261 1368 1523 1449 pandant
1590 1369 1939 1451 caelumque
2005 1372 2375 1450 contingant:
2443 1367 2566 1447 [ut]

205 1479 283 1521 ea
338 1463 444 1541 qui
497 1459 747 1540 adeptus
803 1462 908 1541 sit,
973 1477 1083 1522 cur
1137 1476 1275 1520 eum
1330 1456 1572 1520 beatum
1625 1458 1801 1519 modo
1863 1467 1927 1521 et
1980 1475 2101 1521 uon
2158 1458 2569 1520 beatissimum

202 1551 393 1611 etiam
445 1545 741 1610 dixerim?
822 1548 1101 1609 Dolorem
1145 1564 1286 1608 vero
1344 1549 1583 1627 sapiens
1639 1545 2032 1611 extimescet?
2112 1547 2169 1608 Is
2217 1550 2376 1610 enim
2420 1547 2563 1608 huic

207 1639 466 1698 maxime
522 1640 853 1699 sententiae
910 1646 1231 1716 repugnat3
1295 1653 1431 1696 nam
1489 1646 1698 1698 contra
1751 1646 2007 1699 mortem
2060 1645 2328 1698 nostram
2387 1643 2567 1715 atque

214 1734 560 1788 nostrorum
616 1734 944 1805 contraque
1000 1725 1435 1805 aegritudinem
1497 1732 1559 1786 et
1611 1724 1873 1805 reliquas
1934 1728 2115 1788 animi
2170 1723 2568 1806 perturbatio-

211 1833 325 1876 nes
370 1817 514 1876 satis
570 1833 703 1876 esse
749 1816 1021 1877 videmur
1075 1816 1453 1894 superiorum
1510 1813 1744 1876 dierum
1800 1814 2302 1896 disputationibus
2358 1816 2569 1875 armati

204 1913 274 1966 et
331 1906 550 1984 parati:
616 1902 786 1965 dolor
848 1921 984 1965 esse
1046 1902 1288 1964 videtur
1347 1920 1696 1965 acerrumus
1761 1906 1997 1966 virtutis
2061 1904 2436 1965 adversarius
2445 1951 2463 1985 ‚
2517 1904 2569 1963 is

209 1993 495 2054 ardentes
550 1993 711 2054 faces
765 1994 1046 2073 intentat,
1102 1994 1154 2053 is
1201 1992 1639 2072 fortitudinem,
1695 1993 2163 2072 magnitudinem
2208 1994 2414 2073 animi,
2469 2009 2569 2072 pa-

205 2083 481 2144 tientiam
538 2099 602 2142 se
659 2080 1106 2143 debilitaturum
1163 2082 1440 2143 minatur.
1532 2079 1685 2143 Huic
1732 2083 1915 2159 igitur
1961 2079 2313 2143 succumbet
2358 2083 2566 2161 virtuS‚
2588 2094 2654 2145 77

286 2257 373 2309 75.
429 2254 726 2319 balbutire,
789 2250 915 2307 hier
974 2250 1035 2306 in
1087 2250 1340 2306 tibertra·

203 2340 418 2396 genem
454 2323 623 2380 Sinne
673 2323 845 2379 ‘scine
882 2321 1192 2379 Godanken
1239 2341 1340 2377 un-

205 2395 471 2451 deutlich
481 2395 978 2466 aussprechen,mit
990 2395 1338 2464 derSprache

209 2466 377 2522 nicht
401 2466 508 2522 frei
533 2466 963 2537 herausgehen'.
1039 2466 1201 2520 Auch
1229 2465 1340 2520 den

212 2538 357 2593 Sinn
402 2538 628 2593 ‘unklar
653 2538 959 2609 gedachtes
991 2536 1334 2592 schwatzen'
1363 2584 1370 2592 .

1444 2250 1607 2306 rekte
1660 2251 1842 2322 Frage
1900 2250 2078 2307 durch
2135 2256 2202 2306 ut
2253 2250 2390 2306 oder
2443 2249 2566 2307 eine

1446 2321 1710 2379 iihnliche
1729 2321 1983 2378 Partikel
2010 2322 2118 2378 mit
2145 2322 2328 2379 einem
2355 2320 2569 2377 andern

1448 2393 1612 2449 Satze
1646 2394 1972 2450 verbunden
2007 2394 2268 2450 werden..
2316 2392 2436 2450 Liv.
2475 2399 2564 2462 44,

1446 2471 1516 2520 39
1553 2467 1673 2521 sine
1698 2466 1818 2520 ulla
1842 2467 1964 2521 sede
1989 2468 2120 2536 vaqi
2144 2466 2569 2532 dimicassemus,

1446 2542 1512 2591 ut
1563 2553 1668 2608 quo
1729 2538 1958 2592 victores
2017 2553 2118 2592 uos
2171 2536 2566 2606 reciperemus?

211 2610 321 2663 hat
373 2608 472 2664 das
526 2610 715 2677 Wort,
788 2608 859 2663 ds
914 2607 1087 2662 divin.
1125 2608 1151 2662 I
1196 2613 1259 2676 3,
1305 2612 1339 2663 5

203 2679 533 2749 Epicur-mn.
580 2680 967 2736 balbutientem
1016 2680 1083 2735 de
1129 2683 1341 2734 natura

204 2753 456 2808 deor-mn.

286 2822 353 2877 in
419 2823 745 2877 Phalaridis
814 2827 1041 2877 taurum
1104 2822 1333 2877 deseeus.

220 2893 351 2964 Vgl.
380 2898 435 2960 5,
467 2900 531 2948 13
568 2895 634 2948 in
667 2895 911 2949 eculeum
946 2893 1097 2949 coici.
1155 2893 1339 2947 Wenn

206 2964 339 3020 also
396 2965 493 3020 der
548 2964 737 3020 Weise
802 2965 948 3020 auch
1010 2966 1176 3018 unter
1230 2962 1340 3018 den

286 3034 469 3090 bssten
540 3036 791 3092 Martem
862 3035 1151 3107 gh‘icklich
1219 3034 1339 3090 sein

208 3054 392 3175 genn,
428 3109 644 3178 geniigt
679 3107 772 3161 die
800 3107 1036 3177 Tugend
1073 3113 1170 3160 zur
1198 3105 1341 3161 voll—

212 3177 515 3248 standigen
551 3177 1019 3248 Gliickseligkeit.

289 3247 433 3319 Καρ.
471 3249 569 3304 27.
646 3255 731 3305 76.
785 3251 901 3304 tria
952 3263 1178 3320 ymera,
1224 3246 1340 3318 vgl.

214 3339 266 3375 z.
308 3324 359 3389 8,
396 3325 465 3375 23
503 3321 620 3376 tria
654 3337 851 3390 ymera
1157 3362 1169 3374 .

296 3391 317 3444 1
388 3392 505 3446 ueis
558 3391 895 3459 Stoicorum.-
951 3391 1020 3444 de
1067 3406 1145 3445 or.
1182 3391 1208 3444 Ι
1257 3395 1340 3458 10,

212 3468 293 3517 43
430 3462 507 3519 ici
539 3466 719 3518 nostri
735 3463 1187 3532 'disputationum
1210 3476 1340 3516 sua-

213 3550 348 3589 rum
393 3539 553 3604 atque
596 3534 1089 3604 iuterroyationum
1131 3532 1342 3602 laqueis

209 3611 270 3660 te
306 3607 583 3660 irretitum
617 3611 869 3660 tenerent.
927 3603 1057 3675 Vgl.
1080 3602 1240 3659 Tusc.
1261 3602 1341 3656 IV

219 3682 310 3742 14,
345 3681 416 3730 33
463 3693 531 3731 ex
573 3678 911 3746 scrupulosis
954 3675 1166 3731 cotibus
1211 3690 1339 3729 eua-

213 3748 428 3816 viyavit
463 3749 657 3802 oratio.

292 3820 579 3886 sumenda,
630 3805 1020 3887 Ubersetzung
1062 3817 1161 3871 des
1208 3815 1341 3872 stoi·

213 3889 395 3945 echen
458 3886 716 3960 αἱρετέα,
780 3886 1136 3960 προηγμένα,
1200 3905 1241 3943 s.
1294 3906 1340 3942 z.

216 3967 310 4028 16,
346 3965 435 4017 47.

293 4037 359 4086 ut
393 4049 457 4087 ea
492 4033 592 4101 qui
626 4032 858 4101 adeptus
891 4033 965 4086 sit
999 4032 1106 4086 cet.
1147 4030 1344 4086 Gram-

1446 2608 1601 2662 Aber
1653 2608 1871 2678 logisch
1926 2608 2004 2663 ist
2060 2608 2149 2662 die
2199 2606 2569 2677 Verbindung

1445 2678 1571 2734 hier
1614 2679 1956 2749 unmoglich.
2032 2678 2144 2735 cio.
2193 2678 2311 2734 will
2356 2678 2567 2749 zeigen,

1444 2766 1660 2805 warum
1704 2750 1797 2804 die
1833 2748 2243 2821 Peripatetiker
2288 2748 2437 2804 offen
2483 2766 2569 2804 er-

1445 2819 1645 2876 klaren
1708 2820 1940 2891 sollten,
2005 2819 2126 2876 dass
2185 2820 2277 2876 die
2333 2820 2569 2890 Tugend

1446 2890 1623 2947 allein
1669 2891 1760 2946 die
1807 2892 2110 2948 Mensehen
2146 2891 2324 2962 vollig
2367 2891 2562 2962 gliick—

1443 2962 1563 3017 lich
1598 2963 1837 3018 macheu
1871 2963 2073 3020 kbnne.
2137 2961 2385 3018 Deshalb
2421 2961 2567 3018 musa

1446 3049 1772 3161 &3832ss
1796 3033 1981 3162 (Ξέἱαὴέξ
2015 3035 2386 3160 affighnaeffh
2407 3033 2571 3160 wizzi

1774 3166 1781 3172 .
2341 3147 2356 3173 9

1447 3176 2571 3330 ξεῖῑςὲἳγξεὲἕῑξῑῗξῗηεῖῗξῑῑῇπ

1446 3318 1526 3373 ist
1559 3319 1720 3373 mcht
1754 3317 2086 3386 absusehen,
2128 3317 2375 3373 weshalb
2410 3318 2570 3372 nicht

1449 3389 1532 3443 sie
1603 3387 1779 3443 allein
1849 3389 1960 3444 den
2020 3388 2324 3444 Menschen
2389 3388 2575 3457 vollig

1492 3458 1741 3513 lficklich
1767 3461 2003 3516 macheu
2031 3459 2252 3516 sollten.
2316 3458 2431 3514 Der
2458 3457 2569 3514 Ge-

1489 3529 2146 3603 ankenzusammenhang
2180 3529 2397 3586 fordert
2432 3529 2569 3599 alsO,

1448 3600 1574 3656 dass
1623 3618 1688 3656 ea
1735 3602 1835 3672 qui
1882 3604 2113 3673 adeptus
2156 3603 2258 3670 sit,
2314 3617 2416 3657 cur
2461 3603 2570 3657 cet.

1449 3672 1561 3727 den
1605 3673 1890 3743 Nachsatz
1944 3674 2096 3730 bilde
2144 3691 2212 3729 zu
2257 3673 2385 3728 dem
2430 3671 2569 3728 kon-

1449 3743 1704 3800 cessiven
1737 3747 1867 3801 sint.

1519 3832 1652 3870 nam
1703 3821 1898 3873 eontra
1949 3821 2184 3872 mortem.
2277 3815 2389 3871 Cic.
2445 3831 2569 3870 ver-

1448 3887 1824 3958 nachlassigt,
1869 3887 1993 3943 dass
2039 3904 2100 3943 er
2137 3887 2204 3958 ja
2249 3887 2394 3942 auch
2430 3886 2573 3941 fiber

1454 3956 1563 4012 den
1592 3957 1852 4014 Schmerz
1888 3960 2062 4015 sehon
2088 3956 2438 4030 gesprochen
2467 3958 2573 4014 hat

1451 4028 1533 4082 im
1569 4029 1804 4085 zweiten
1839 4031 2054 4100 Buche,
2101 4046 2188 4085 wo
2227 4045 2286 4084 er
2322 4046 2369 4085 c.
2408 4034 2478 4085 20
2513 4048 2569 4086 u.

212 4102 467 4158 matisch
502 4102 637 4158 lassi:
672 4103 795 4158 sich
830 4102 985 4158 diese
1013 4102 1211 4160 Lesart
1245 4101 1347 4156 der
1451 4104 1522 4155 22
1579 4118 1704 4156 zum
1761 4101 1885 4157 Teil
1948 4100 2234 4156 dieselben
2290 4099 2571 4171 Beispiele

215 4173 388 4229 Hdss.
428 4174 558 4228 sehr
592 4175 745 4229 wohl
781 4172 1198 4242 rechtfertigen.
1259 4172 1345 4226 Im

213 4243 617 4301 Lateinischen
660 4245 838 4313 kann,
888 4261 1005 4300 was
1047 4243 1127 4298 im
1172 4242 1345 4299 Deut-

214 4317 398 4372 schen
442 4316 601 4372 nicht
643 4317 895 4388 mbglich
938 4315 1042 4387 ist,
1089 4314 1215 4370 eine
1260 4314 1344 4370 di·

1454 4170 1700 4226 anfiihrt.

1525 4243 1777 4299 ardentes
1828 4243 1975 4311 faces
2028 4243 2295 4312 inteutat3
2359 4262 2402 4299 s.
2450 4262 2496 4298 z.
2543 4243 2571 4297 I

1459 4319 1541 4382 19,
1579 4319 1651 4370 44
1687 4316 1929 4386 emporis
1963 4315 2197 4383 facibus.
