2902 4649
330 133 458 199 138
1114 133 1189 190 M.
1227 128 1475 191 TULLH
1511 132 1897 208 memnonis

324 303 561 381 pientis.
653 300 849 362 Habes
905 319 1058 381 quae
1114 302 1436 362 fortissime
1494 300 1568 362 de
1614 300 1784 364 beata
1831 304 1948 363 vita
1993 302 2112 364 dici
2156 310 2363 383 putem
2410 310 2497 384 et,
2561 320 2684 383 quo

327 389 503 451 modo
550 408 710 452 nunc
757 398 866 473 est,
911 393 1027 452 nisi
1074 390 1217 470 quid
1264 399 1329 452 tu
1379 391 1592 451 melius
1638 390 1929 474 attuleris,
1974 393 2155 454 etiam
2200 393 2528 453 verissime.

214 477 304 543 29
507 480 575 540 Α.
621 478 834 547 Melius
889 479 1165 560 equidem
1221 478 1456 540 adferre
1511 479 1657 540 nihil
1716 497 1989 563 possum,
2044 480 2150 542 sed
2205 499 2238 541 a
2293 489 2352 542 te
2400 482 2684 560 impetra·

325 570 440 629 rim
487 566 782 649 lubenter,
828 577 922 651 ut,
968 571 1085 630 nisi
1130 568 1447 630 molestum
1496 571 1604 650 sit,
1652 571 1931 648 quoniam
1977 577 2037 631 te
2085 567 2245 630 nulla
2290 569 2524 630 vincula
2570 571 2681 631 im-

323 656 577 737 pediunt
620 656 802 720 ullius
848 666 1047 719 certae
1094 657 1439 737 disciplinae
1501 656 1769 738 libasque
1815 675 1889 718 ex
1935 657 2212 719 omnibus
2259 658 2683 738 quodcumque

325 756 386 808 te
441 748 694 806 maxime
751 748 950 827 specie
980 749 1273 808 ›veritatis
1330 753 1552 828 movet,
1608 746 1769 827 quod
1823 746 1998 826 paulo
2054 757 2190 808 ante
2244 746 2682 827 Peripateticos

324 843 710 915 veteremque
748 835 1122 897 Academiam
1160 835 1387 896 hortari
1423 834 1719 918 videbare,
1757 843 1825 896 ut
1862 838 1990 896 sine
2028 838 2449 898 retractatione
2486 834 2681 897 libere

324 922 527 985 dicere
583 923 875 986 auderent
930 927 1228 1005 sapientes
1285 941 1417 985 esse
1475 942 1712 1005 semper
1767 924 2173 1005 beatissimos3
2227 923 2288 986 id
2346 924 2521 985 velim
2576 943 2682 986 au-

326 1011 484 1094 dire,
544 1031 723 1092 quem
784 1012 855 1073 ad
914 1013 1158 1076 modum
1218 1013 1347 1074 his·
1370 1021 1547 1093 putes
1608 1022 2074 1075 consentaneum
2134 1030 2266 1074 esse
2329 1013 2390 1074 id
2450 1013 2686 1094 dicere3

327 1099 512 1162 multa
559 1104 718 1162 enim
762 1119 795 1163 a
842 1111 901 1163 te
948 1111 1154 1164 contra
1200 1104 1373 1174 istam
1431 1101 1786 1164 sententiam
1843 1101 1999 1163 dieta
2047 1112 2188 1163 sunt
2233 1111 2294 1163 et
2341 1101 2686 1163 Stoicorum

234 1204 307 1254 83
327 1192 556 1251 ratione
605 1189 901 1252 conclusa.
994 1193 1079 1253 M.
1128 1190 1376 1253 Utamur
1421 1192 1605 1270 igitur
1659 1191 1961 1272 libertate,
2020 1209 2135 1270 qua
2192 1190 2364 1252 nobis
2419 1190 2560 1252 selis
2613 1193 2686 1251 in

325 1278 697 1359 philosophia
743 1279 883 1342 licet
930 1283 1035 1362 uti,
1081 1295 1338 1360 quorum
1383 1282 1572 1341 oratio
1594 1323 1599 1326 -
1618 1279 1767 1341 nihil
1810 1281 1938 1358 ipsa
1982 1280 2224 1361 iudicat,
2271 1278 2376 1341 sed
2423 1279 2685 1341 habetur

325 1371 387 1429 in
435 1385 643 1429 omnes
697 1377 928 1451 partes,
983 1377 1051 1432 ut
1105 1368 1178 1430 ab
1234 1368 1365 1429 aliis
1419 1370 1609 1447 possit
1662 1370 1789 1448 ipsa
1844 1387 1954 1449 per
2010 1386 2143 1429 sese
2198 1368 2423 1430 nullius
2479 1376 2687 1429 aucto·

325 1459 502 1518 ritate
550 1456 827 1518 adiuncta
871 1457 1138 1521 iudicari.
1229 1456 1307 1518 Et
1351 1459 1633 1537 quoniam
1677 1457 1898 1519 videris
1953 1457 2065 1519 hoc
2112 1457 2287 1538 velle,
2343 1468 2436 1539 ut,
2498 1475 2685 1537 quae·

325 1562 584 1625 cumque
659 1545 1135 1610 dissentientium
1211 1545 1698 1626 philosophorum
1773 1549 2068 1608 sententia
2140 1548 2220 1609 sit
2288 1546 2365 1609 de
2438 1544 2686 1627 finibuS‚

324 1644 522 1695 tamen
574 1636 762 1696 virtus
808 1637 954 1697 satis
998 1635 1211 1697 habeat
1257 1634 1326 1696 ad
1375 1636 1555 1696 vitam
1601 1634 1835 1696 beatam
1881 1634 2182 1716 praesidii,
2229 1635 2388 1716 quod
2436 1635 2687 1715 quidem

323 1722 689 1785 Carneadem
736 1724 1041 1804 disputare
1090 1724 1329 1787 solitum
1380 1726 1750 1805 accepimus;
1805 1724 1911 1785 sed
1957 1726 2011 1785 is
2056 1733 2125 1786 ut
2169 1733 2378 1786 contra
2425 1723 2684 1803 Stoicos,

322 1830 477 1890 quos
538 1812 973 1899 studiosissime
1036 1831 1272 1893 semper
1337 1811 1644 1874 refellebat
1708 1821 1770 1874 et
1829 1822 2041 1875 contra
2102 1831 2356 1893 quorum
2419 1812 2682 1893 discipli·

323 1917 460 1960 nam
506 1902 810 1980 ingenium
858 1903 987 1963 eius
1034 1908 1368 1981 exarserat3
1416 1919 1527 1962 nos
1575 1902 1817 1980 quidem
1861 1901 2005 1963 illud
2055 1920 2194 1963 cum
2229 1919 2376 1982 pace
2413 1919 2678 1982 agemus.

1558 2107 1638 2162 sie
1695 2123 1768 2162 an
1823 2108 1937 2161 und
1991 2106 2084 2162 fiir
2138 2107 2285 2176 sich,
2354 2109 2498 2163 ohne
2554 2107 2681 2163 dara

1555 2178 1918 2235 Antoriffiten
1979 2178 2037 2233 in
2097 2178 2369 2234 Betracht
2430 2194 2682 2249 gezogen

1557 2249 1798 2317 werden,
1859 2249 2130 2305 beurteilt
2192 2251 2416 2305 werden
2454 2250 2680 2307 'kann’.

1555 2320 1683 2391 Vgl.
1734 2321 1802 2376 de
1849 2320 1961 2380 div.
1996 2321 2051 2377 ΙΙ
2100 2328 2191 2390 72,
2244 2329 2346 2378 150
2381 2323 2680 2392 proprium

1554 2393 1628 2447 sit
1664 2393 1996 2449 Academiae
2039 2394 2309 2448 indicium
2357 2410 2518 2448 saum
2552 2394 2682 2449 nul·

1555 2464 1670 2518 lum
1705 2465 2074 2533 interponere,
2121 2482 2186 2519 ea
2228 2465 2490 2533 probare,
2537 2481 2681 2533 quae

1555 2535 1838 2590 simillima
1890 2537 2007 2590 veri
2057 2536 2352 2599 videantur
2360 2576 2380 2603 ,
2434 2536 2683 2603 conferre

396 2109 660 2178 quomodo
722 2124 872 2164 nune
935 2113 1038 2175 est,
1109 2108 1256 2163 nach
1321 2108 1449 2164 dem

322 2179 785 2303 geglenwartigen
831 2178 1042 2234 Stande
1097 2179 1197 2234 der
1248 2179 1447 2234 Unter·

324 2267 423 2306 suc
463 2267 540 2305 un
585 2292 596 2303 .

396 2267 675 2392 Kangffl).
750 2328 839 2389 ut,
885 2322 1001 2378 nisi
1036 2323 1314 2378 molestum
1348 2322 1448 2379 eit.-

325 2396 469 2449 statt
504 2393 885 2449 fortzufahren
930 2394 1149 2460 doceas,
1193 2394 1448 2463 quemad·

319 2465 542 2520 modum
588 2468 777 2534 putee,
838 2464 1075 2535 beginnt
1130 2463 1245 2520 Cic.
1301 2465 1447 2520 nach

326 2535 436 2591 den
492 2534 581 2589 ein
623 2535 975 2591 eschobenen
1026 2535 1229 2591 Satzen
1283 2534 1447 2591 einen

320 2606 576 2662 solbet-‚an
618 2606 629 2618 ‘
676 2624 746 2662 611
800 2605 955 2662 Satzt
1021 2607 1084 2661 id
1134 2609 1294 2662 velim
1347 2625 1446 2662 aa·

320 2679 480 2733 dire!
536 2683 630 2747 24,
678 2684 746 2733 69
805 2677 921 2748 Quo
970 2678 1191 2733 tandem
1239 2679 1450 2748 qaudio

323 2749 483 2817 affici
517 2765 721 2805 neeesse
756 2755 834 2803 est
876 2749 1144 2819 sapientis
1180 2751 1480 2817 wnimnms‘

319 2826 390 2876 ut
423 2836 545 2875 enm
583 2850 666 2874 -.
741 2820 898 2875 Haec
943 2821 1212 2875 tractanti
1250 2851 1317 2861 -
1354 2836 1444 2875 ex-

327 2892 472 2946 stitit
523 2890 627 2946 illa
673 2921 741 2931 --
788 2892 1043 2961 cognitio.
1118 2889 1197 2944 IV
1234 2897 1329 2959 36,
1378 2897 1446 2948 7⁷

323 2963 439 3088 gra
491 2977 644 3087 οξτο,
706 2979 844 3033 quae
905 2962 1171 3032 quamdiu
1229 2968 1447 3032 pertar-

363 3037 423 3087 at
457 3048 522 3087 ce
554 3074 565 3086 .

397 3104 557 3159 nulla
591 3105 837 3169 vincula,
869 3104 984 3173 vgl.
1028 3109 1111 3170 11,
1150 3109 1234 3159 33.

392 3177 569 3246 paulo
606 3180 752 3241 ante,
790 3180 875 3242 26,
917 3180 1002 3230 75.

395 3248 514 3301 sine
547 3243 950 3312 retractatione,
985 3264 1028 3303 s.
1064 3246 1090 3300 I
1127 3251 1215 3315 31,
1255 3252 1323 3302 ’16
1359 3263 1444 3302 ve-

320 3318 440 3373 niet
474 3322 682 3388 tempus
718 3324 768 3374 et
803 3319 1019 3388 quidem
1052 3319 1304 3374 velociter
1336 3318 1449 3374 sive

320 3390 649 3445 retractabis
684 3390 796 3444 sive
822 3390 1171 3459 properabis*

399 3465 484 3516 83.
523 3461 667 3515 nihil
692 3462 819 3530 ipsa
845 3461 1077 3526 iudicat,
1105 3459 1269 3515 keine
1296 3459 1447 3531 eige-

325 3546 438 3585 nen
472 3529 773 3587 Lehrsatze
813 3531 1081 3586 aufetellt.

395 3602 491 3656 sed
562 3603 792 3657 habetur
860 3604 925 3656 in
995 3618 1174 3657 omnes
1237 3607 1446 3672 parte-3,

321 3670 512 3726 nicht:
554 3671 700 3727 ‘sich
736 3673 837 3729 auf
867 3673 979 3728 alle
1003 3672 1160 3728 Teile
1199 3672 1300 3728 der
1316 3673 1448 3729 Phi·

325 3741 581 3813 losophie
636 3743 956 3809 eretz-ecke,
1013 3743 1253 3800 sondern
1301 3743 1447 3800 ‘sich

325 3816 474 3869 nach
519 3814 671 3870 allen
717 3812 908 3870 Seiten
952 3813 1297 3884 hinwendet‚
1353 3816 1446 3877 die

325 3884 637 3942 Ansichten
694 3886 836 3942 aller
890 3885 1104 3941 andern
1154 3886 1442 3942 beurteilt'

327 3957 399 4011 de
456 3956 606 4015 deor.
653 3959 768 4013 nat.
805 3959 831 4012 I
877 3962 935 4026 5,
989 3963 1054 4011 11
1104 3959 1448 4027 propositum

322 4033 404 4082 est
437 4030 556 4084 veri
592 4030 907 4100 >reperiendi
951 4043 1123 4085 eausa
1168 4035 1221 4084 et
1254 4034 1448 4085 eontra

323 4114 509 4226 pinne-s
554 4100 904 4171 philosophos
951 4105 1003 4157 et
1042 4115 1153 4170 pro
1196 4100 1448 4156 omnibus

366 4186 519 4226 icere.

400 4243 471 4298 ab
516 4241 647 4297 aliie
764 4243 864 4298 seit
906 4244 1034 4312 ipsa
1068 4259 1175 4313 per
1217 4258 1326 4297 sese
1360 4242 1446 4297 ia-

323 4314 538 4382 dicari,
591 4313 675 4369 ‘so
717 4312 801 4367 ass
853 4313 996 4370 auch
1041 4331 1153 4371 von
1199 4314 1446 4370 anderen

1554 2611 1852 2761 {522⁰}ss
1885 2608 2683 2762 {A'Zssfflssfffflfffli

1554 2749 1809 2804 adhibita
1860 2765 1967 2804 sua
2019 2754 2344 2805 auctoritate
2401 2749 2677 2805 iudicium

1555 2814 1899 2876 audientium
1942 2821 2245 2890 relinquere
2287 2821 2562 2889 inteyrum
2613 2837 2682 2876 ae

1554 2889 1798 2948 liberum.
1875 2890 1928 2945 S.
1967 2892 2112 2946 Einl.
2151 2896 2183 2957 ς
2224 2897 2307 2946 19.

1629 2960 1954 3029 Carneadea,
1990 2981 2031 3018 s.
2071 2979 2116 3017 z.
2154 2962 2235 3016 III
2271 2967 2358 3032 22,
2396 2967 2481 3017 54.

1622 3034 1718 3088 sed
1753 3035 1805 3088 ie
1838 3039 1904 3088 nt
1938 3038 2135 3090 contra
2167 3033 2396 3099 Stoicos,
2431 3033 2542 3088 (1.1.
2585 3035 2682 3090 aed

1555 3104 1606 3158 ie
1640 3105 1733 3185 ita·
1768 3106 1898 3160 haec
1941 3107 2075 3176 eyit,
2125 3110 2190 3159 ut
2234 3111 2429 3160 contra
2465 3104 2682 3162 Stoicos

1554 3176 2438 3329 aqggdioozseelimleidensehaftlieb.
2516 3247 2680 3331 Wes-

1555 3315 1690 3371 halb
1721 3317 2040 3373 Karneades
2077 3318 2283 3388 gerade
2322 3318 2412 3374 (116
2447 3318 2677 3375 Stoiker

1557 3402 1632 3461 so·
1656 3387 1840 3459 heftig
1866 3388 2084 3473 'angriff
2115 3407 2158 3445 e.
2195 3407 2238 3445 z.
2288 3388 2366 3444 IV
2401 3395 2490 3458 24,
2527 3395 2616 3473 53.

1556 3475 1726 3585 8222OE
1736 3461 2684 3601 iszumofflffiselffuffimndoedg

1556 3601 1840 3658 Nachsatz
1886 3618 1987 3658 nos
2030 3604 2247 3672 quidem
2283 3604 2390 3659 eet.
2429 3603 2580 3672 paret
2614 3604 2680 3660 in

1555 3672 1656 3727 der
1701 3673 1873 3729 Form
1927 3673 2087 3728 nicht·
2140 3692 2206 3728 zu
2258 3674 2387 3729 dem
2439 3675 2683 3731 Vorder-

1557 3746 1708 3799 satze
1744 3745 2005 3814 quoniam
2038 3745 2243 3800 videris
2281 3746 2387 3802 cet.
2465 3744 2683 3802 Unver·

1555 3815 1743 3871 merki
1796 3816 1874 3871 ist
1927 3816 2027 3871 der
2080 3816 2358 3872 Nachsabz
2413 3815 2522 3871 mit
2577 3816 2682 3872 der

1554 3886 1897 3942 Parent-hese
1952 3887 2397 3955 verechmolzen‚
2455 3906 2524 3943 zu
2579 3888 2686 3943 der

1557 3974 1618 4011 er
1663 3956 1794 4012 dem
1830 3957 2134 4013 Gedanken
2178 3959 2324 4014 nach
2369 3959 2430 4013 111
2472 3975 2683 4030 gegan-

1556 4028 1885 4084 sittzlichem
1955 4028 2280 4085 Verhffltnis
2352 4030 2521 4086 steht.
2610 4060 2683 4071 -·—

1554 4100 1659 4155 Die
1695 4100 1858 4157 Hdss.
1897 4099 2082 4156 baben
2129 4116 2230 4156 nos
2263 4102 2409 4158 illud
2443 4102 2686 4172 quidem,

1556 4170 1744 4227 sedare
1780 4188 1913 4226 man
1950 4171 2208 4228 zweifeln
2242 4172 2419 4240 kann,
2468 4174 2542 4229 ob
2577 4189 2685 4237 nas

1552 4244 1771 4370 qaifem
1815 4244 1960 4326 illua
2007 4243 2142 4299 oder
2184 4260 2284 4300 nos
2333 4245 2478 4300 illud
2532 4246 2689 4301 idem

1552 4333 1619 4369 zu
1681 4332 1811 4372 esen
1845 4331 1944 4370 661.
