2902 4649
276 138 363 203 36
1060 137 1134 192 Μ.
1172 137 1417 194 TULLII
1455 136 1842 193 CICERONIS

271 305 538 385 lugendi:
602 305 881 386 pedoreS,
939 304 1261 367 muliebres
1317 304 1709 366 lacerationes
1764 321 2078 383 genarum,
2140 306 2404 384 pectoris
2462 304 2631 365 femi·

272 413 415 456 num
461 397 669 474 capitis
715 397 1153 475 percussiones,
1229 393 1380 455 Hinc
1426 393 1527 455 ille
1566 393 1927 473 Agamemno
1966 390 2319 455 Homericus
2365 402 2427 455 et
2471 393 2632 454 idem

270 484 562 545 Accianus

664 590 964 652 Scinde'ns
1011 593 1221 652 dolore
1268 588 1595 652 identidem
1644 587 1948 651 intonsdm
1992 606 2243 663 comam,

269 717 330 774 in
379 731 498 793 quo
546 712 804 775 facetum
850 713 995 775 illud
1043 713 1276 795 Bionis,
1332 713 1582 793 perinde
1639 712 2059 774 stultissimum
2103 730 2305 792 regem
2354 714 2415 773 in
2463 712 2631 774 luctu

184 819 251 868 63
273 801 551 883 capillum
598 802 714 864 sibi
761 800 1042 885 evellere,
1103 805 1273 883 quasi
1330 802 1564 864 calvitio
1620 820 1856 863 maeror
1911 797 2224 863 levaretur.
2320 800 2436 862 Sed
2482 801 2631 863 haec

272 893 468 952 omnia
516 893 741 953 faciunt
788 894 1097 972 opinantes
1144 894 1224 953 ita
1274 893 1404 953 fieri
1449 899 1747 971 oportere.
1838 889 2045 971 Itaque
2094 898 2155 952 et
2195 889 2520 952 Aeschines
2567 893 2630 952 in

271 980 731 1042 Demosthenem
785 981 1114 1063 invehitur,
1180 981 1338 1060 quod
1404 983 1457 1042 is
1513 982 1766 1060 septimo
1823 979 1917 1041 die
1973 987 2112 1060 post
2166 978 2318 1041 filiae
2373 987 2631 1041 mortem

270 1070 494 1130 hostias
558 1066 995 1131 immolavisset.
1086 1071 1162 1131 At
1227 1088 1403 1149 quam
1474 1069 1808 1150 rhetorice,
1882 1086 2059 1148 quam
2135 1069 2409 1150 copiose,
2483 1087 2631 1149 quas

272 1159 597 1219 sententias
659 1158 934 1241 conligit,
997 1177 1147 1238 quae
1197 1159 1380 1220 verba
1434 1156 1818 1237 contorquet!
1885 1166 1953 1219 ut
1997 1156 2178 1218 licere
2227 1157 2461 1237 quidvis
2498 1157 2632 1219 rhe-

270 1248 391 1308 tori
451 1246 777 1327 intellegas,
869 1247 1034 1320 Quae
1099 1266 1275 1309 nemo
1339 1246 1649 1329 probaret,
1708 1248 1823 1308 nisi
1876 1248 2125 1307 insitum
2188 1245 2334 1308 illud
2380 1250 2443 1307 in
2506 1249 2630 1328 ani-

271 1338 386 1397 mis
450 1335 834 1417 haberemus,
899 1339 1094 1398 omnis
1157 1335 1347 1397 bonos
1412 1338 1662 1397 interitu
1729 1353 1978 1397 suorum
2041 1352 2222 1414 quam
2284 1337 2631 1415 gravissime

273 1442 542 1486 maerere
589 1432 885 1505 oportere.
977 1424 1065 1485 Ex
1111 1425 1226 1486 hoc
1273 1428 1501 1504 evenit,
1546 1433 1615 1485 ut
1659 1425 1722 1485 in
1769 1426 1949 1485 animi
1995 1422 2302 1484 doloribus
2347 1422 2446 1485 alii
2494 1424 2631 1485 soli-

273 1513 511 1574 tudines
558 1522 816 1594 captent,
863 1522 929 1575 ut
975 1516 1058 1574 ait
1102 1513 1399 1575 Homerus
1445 1514 1522 1574 de
1568 1512 2044 1594 Bellerophonte,

602 1641 722 1713 Qui
763 1643 948 1700 miser
993 1642 1056 1701 in
1103 1643 1334 1717 campis
1380 1656 1663 1699 maerens
1709 1638 1968 1699 errabat
2011 1639 2192 1713 Αῖεὶε,

594 1732 721 1805 ipse
764 1746 941 1790 suum
986 1746 1098 1790 cor
1144 1731 1346 1802 edens,
1392 1730 1699 1789 hominum
1746 1729 2002 1802 vestiyia
2049 1729 2265 1787 vitans.

274 1851 351 1913 Et
395 1852 584 1914 Nioba
627 1852 873 1932 fingitur
918 1851 1146 1932 lapidea
1192 1860 1440 1933 propter
1487 1835 1824 1931 aeternum,
1877 1851 2086 1932 credo,
2130 1854 2194 1913 in
2238 1850 2406 1912 luctu
2455 1849 2631 1912 silen-

275 1945 451 2022 tium3
506 1941 809 2004 Hecubam
866 1952 1066 2003 autem
1123 1950 1336 2020 putant
1381 1947 1631 2021 propter
1676 1942 1858 2000 animi
1902 1939 2290 2002 acerbitatem
2338 1940 2634 2019 quandam

276 2038 336 2091 et
382 2030 606 2091 rabiem
654 2031 795 2111 fingi
841 2033 903 2091 in
951 2048 1158 2092 canem
1206 2049 1338 2091 esse
1386 2046 1752 2091 conversam.
1846 2027 2000 2090 Sunt
2053 2038 2252 2090 autem
2299 2027 2425 2110 alii,
2483 2047 2635 2108 quos

347 2256 632 2311 muliebres
686 2255 1076 2311 lacerationes.-
1131 2254 1244 2326 vgl.
1301 2254 1401 2309 das

276 2346 320 2382 z.
359 2328 409 2382 H
447 2333 534 2394 23,
573 2332 640 2382 55
690 2326 1025 2397 angefiihrte
1065 2323 1265 2381 Genetz
1302 2324 1403 2380 der

276 2397 446 2453 zwolf
477 2398 693 2453 Tafeln.
835 2402 838 2411 “

281 2534 309 2555 η
347 2469 404 2556 ,Α
442 2485 685 2554 amfmno
722 2469 883 2524 Hom.
913 2468 979 2558 Il.
1019 2469 1178 2554 Xslff
1215 2462 1400 2551 αὖτᾲρ

276 2559 622 2674 :22235035
637 2541 1404 2680 '23335’2‘222‘2222‘5552035

280 2680 471 2738 ἕλκετο
501 2684 714 2752 χαίτας.
771 2682 884 2736 Der
901 2680 1042 2736 Vere
1072 2698 1173 2736 aus
1201 2680 1405 2736 Accius

317 2754 514 2809 ehorte
587 2750 1057 2810 wahrscheinlieh
1136 2771 1204 2806 zu
1276 2750 1405 2806 dem

316 2824 488 2880 bucko
538 2824 916 2894 Nyktegresia,
929 2866 944 2891 ‚
998 2842 1066 2877 zu
1121 2823 1248 2878 dem
1302 2823 1404 2878 das

277 2896 344 2950 X.
382 2894 539 2950 Buch
589 2896 689 2949 der
722 2895 856 2950 Ilias
905 2895 1015 2949 den
1052 2893 1201 2950 Stoff
1230 2893 1402 2963 gelie-

278 2966 391 3021 fert
416 2966 597 3021 hatte.
653 2965 909 3020 Ribbeck
927 2966 992 3019 Β..
1015 2966 1180 3036 Trag.
1201 2983 1256 3035 p.
1278 2971 1402 3020 364.

352 3036 674 3163 ῗῑοαῆωῇἐῖ
707 3036 1301 3163 Ξῗιῖῗιῗιεῗῃεῃξηεοο
1348 3125 1383 3161 v

966 3148 985 3175 ,
1388 3150 1399 3162 .

284 3178 429 3247 Chr„
476 3196 593 3235 war
640 3125 729 3234 εἴη
778 3178 1012 3233 Sehffler
1058 3178 1156 3233 des
1204 3178 1404 3233 Krates

280 3251 395 3305 und
452 3251 831 3321 Theophrast,
901 3250 1046 3304 ohne
1101 3249 1257 3304 einer
1309 3247 1405 3304 be-

282 3323 571 3377 stimmten
639 3321 1137 3407 philosophisehen
1200 3319 1405 3375 Sohule

281 3395 710 3546 assarna
731 3392 1406 3519 &miseram

283 3537 553 3606 spottung
588 3536 869 3591 emzelner
903 3534 1258 3605 Ausspriiehe
1294 3551 1407 3590 von

281 3605 555 3661 Dichtern
600 3607 714 3661 und
758 3606 1138 3677 Philosophen
1186 3604 1405 3675 gerich-

282 3679 385 3732 tet.
458 3677 655 3732 Hierin
722 3677 828 3734 soll
891 3693 951 3732 er
1018 3676 1118 3731 das
1172 3676 1409 3732 Vorbild

282 3747 523 3803 Lucians
578 3764 836 3820 gewesen
889 3749 1025 3803 sein.
1109 3749 1272 3818 Diog.
1329 3747 1407 3801 IV

283 3826 369 3876 49.
417 3820 550 3874 Hor.
590 3836 676 3891 ep.
715 3821 767 3876 II
804 3826 855 3888 2,
893 3825 977 3875 60.

356 3897 441 3948 63.
502 3896 552 3945 et
587 3892 904 3947 Aeschines:
961 3891 1103 3945 stati:
1148 3891 1246 3945 des
1283 3892 1405 3945 ent-

284 3962 667 4032 spreehenden
704 3968 755 4017 et
789 3962 939 4033 folgt
979 3961 1084 4015 mii:
1110 3962 1403 4017 vetandor-

284 4034 371 4087 ter
408 4031 674 4089 Struktur
709 4051 778 4090 ex
813 4034 913 4088 hoe
960 4033 1135 4087 evenit
1174 4034 1278 4089 cet.
1316 4032 1407 4085 fiir

285 4110 336 4160 et
382 4104 487 4159 alii
532 4137 599 4145 -
646 4110 889 4189 captant.
964 4103 1019 4159 S.
1057 4122 1124 4158 zu
1170 4110 1232 4171 3,
1281 4108 1313 4157 5
1357 4108 1408 4158 et

284 4176 477 4231 morbi.
534 4207 601 4218 —
659 4175 761 4232 Die
818 4175 992 4232 stelle
1057 4175 1236 4230 findet
1288 4174 1408 4229 sich

285 4246 379 4301 bei
415 4235 642 4303 Ksehin.
670 4248 731 4304 in
766 4249 920 4303 Ktes.
950 4251 981 4314 9
1011 4253 1097 4303 77.
1171 4245 1285 4301 Auf
1316 4244 1407 4300 die

286 4318 598 4376 Nachrieht
629 4337 744 4377 von
789 4320 918 4375 dem
956 4318 1112 4374 Tode
1160 4318 1260 4373 des
1295 4316 1406 4372 Κδ-

1507 2252 1932 2380 ssszasfls.
1946 2240 2636 2381 'aressssgmszffie

1510 2395 1603 2451 ein
1639 2396 1980 2466 Dankopfer.

1580 2468 1981 2533 immolavisset,
2008 2466 2149 2522 iiber
2175 2467 2276 2522 das
2304 2468 2639 2537 Plusquam·

1510 2538 1650 2608 perf.
1689 2557 1733 2592 s.
1771 2557 1815 2593 z.
1859 2544 1942 2606 16,
1980 2543 2066 2593 32.

1581 2609 1745 2664 verba
1801 2614 2140 2680 contorquet,
2197 2608 2302 2665 wie
2349 2627 2483 2667 man
2528 2610 2639 2666 den

1514 2680 1843 2750 Wurfspeer
1879 2679 2175 2751 sehwingt,
2211 2699 2308 2735 um
2345 2680 2447 2736 ihn
2472 2682 2635 2737 desto

1512 2750 1787 2821 kraftiger
1824 2770 1892 2805 zu
1929 2750 2277 2808 schleudern.

1583 2823 1807 2890 rhetori,
1843 2821 1968 2876 hier
2003 2822 2146 2878 stati.
2180 2823 2392 2878 oratori
2417 2824 2637 2894 geeagt,

1513 2893 1683 3019 dahes
1722 2893 1841 2948 sich
1883 2893 1987 2947 auf
2024 2893 2189 2948 einen
2226 2892 2504 2949 Griechen
2539 2893 2636 2949 be·

1512 2965 1594 3019 zie
1636 2967 1677 3019 t.

1583 3035 1872 3091 Homerus.
1922 3036 1986 3090 11.
2015 3035 2093 3090 VI
2121 3041 2224 3091 201
2255 3027 2413 3091 Ἦτοι
2448 3028 2478 3090 ὃ
2516 3032 2636 3091 κὰπ

1510 3107 1712 3161 πεδίον
1747 3102 1828 3161 ,τὸ
1882 3099 2094 3175 Ἀλήιον
2155 3102 2274 3169 οἶος
2335 3102 2513 3162 ἀλᾶτο
2566 3098 2635 3162 ὃν

1510 3173 1706 3248 θυμὸν
1750 3176 2033 3246 κατέδων,
2081 3173 2265 3234 πάτον
2309 3173 2636 3248 ἀνθρώπων

1513 3243 1800 3305 ἀλεείνων.

1584 3319 1667 3373 Et
1683 3320 1874 3375 Nioba
1900 3320 2148 3390 βυθίων.
2178 3319 2292 3375 Der
2311 3319 2443 3376 Sat-z
2469 3320 2636 3376 sollte

1515 3389 1822 3460 eigentlieh
1868 3391 1997 3446 dem
2043 3396 2106 3445 ut
2141 3392 2321 3446 animi
2355 3393 2637 3448 doloribus

1515 3462 1620 3517 alii
1656 3461 2064 3532 entspreehend
2100 3478 2162 3517 so
2190 3464 2464 3534 angefflgt
2490 3463 2635 3518 seinz

1515 3534 1620 3588 alii
1653 3534 1931 3588 silentium
1969 3538 2207 3602 teneant,
2243 3535 2415 3589 veluti
2446 3534 2637 3590 Nioba

1513 3605 1596 3673 fin
1631 3605 1778 3670 itum
1832 3606 1971 3660 stati,
2019 3604 2218 3660 dessen
2267 3604 2398 3661 tritt
2447 3622 2509 3660 er
2552 3605 2637 3660 als

1518 3676 1598 3730 sel
1641 3675 1932 3745 standiger
1971 3674 2100 3730 Satz
2138 3673 2251 3731 auf.
2319 3674 2448 3747 vgl.
2487 3678 2514 3731 Ι
2549 3681 2638 3746 41,

1517 3752 1583 3819 97
1645 3746 1823 3817 Quam
1873 3748 1937 3801 ob
1988 3763 2101 3802 rem
2149 3748 2260 3803 sive
2308 3763 2497 3803 sensus
2545 3763 2638 3802 ex-

1514 3819 1820 3887 stinguitur
1861 3850 1922 3859 —
1963 3817 2070 3873 Sin
2103 3834 2235 3873 vera
2269 3823 2415 3874 sunt.
2487 3804 2640 3874 Uber

1515 3889 1699 3943 Niobe
1740 3906 1781 3944 ει.
1819 3887 1884 3943 Il.
1923 3887 2104 3943 XXIV
2143 3895 2246 3945 602
2276 3889 2314 3945 f.

1585 3960 1831 4015 Hecuba.
1906 3961 2005 4014 Ale
2053 3960 2135 4016 sie
2183 3976 2255 4015 an
2290 3961 2422 4015 dem
2458 3960 2637 4016 Thra.-

1513 4030 1792 4100 kerkonig
1845 4030 2198 4102 Polymestor
2248 4031 2338 4087 fur
2392 4031 2483 4086 die
2538 4031 2636 4086 Er·

1515 4102 1792 4172 mordung
1851 4102 2002 4157 ihren
2058 4101 2271 4158 Sohnes
2327 4102 2639 4173 Polydorus

1515 4173 1708 4228 Raehe
1744 4190 2079 4244 genommen
2113 4174 2288 4243 hatte,
2326 4174 2516 4230 wurde
2554 4173 2638 4229 eie

1514 4246 1577 4301 in
1611 4246 1774 4300 einen
1809 4245 1977 4300 Hund
2015 4246 2373 4302 verwandelt.
2446 4245 2502 4302 S.
2535 4244 2639 4301 Ov.

1516 4318 1650 4373 Met.
1687 4315 1817 4371 XIII
1854 4323 1957 4372 549
1988 4316 2025 4372 f.
