2902 4649
620 124 1220 182 TUSCULANARUM
1258 127 1867 184 D1·SPUTAT10NUM
1902 129 1997 185 ΠΙ.
2038 136 2268 186 29—33.
2531 133 2615 195 21

259 295 445 355 fuisse
496 292 797 371 [Socrate]
810 341 828 377 ‚
889 294 1098 355 eodem
1155 312 1395 374 semper
1451 313 1516 356 se
1574 294 1789 357 vidisse
1847 304 2166 359 exeuntem
2220 297 2389 358 illum
2445 297 2618 359 domo

259 392 319 445 et
377 391 798 445 revertentem.
890 382 1013 444 Nec
1075 391 1216 444 vero
1280 402 1348 444 ea
1408 384 1577 444 frons
1636 394 1797 466 erat,
1860 403 2012 465 quae
2069 387 2143 447 M.
2201 386 2400 447 Crassi
2461 387 2621 448 illius

254 475 505 555 veteriS,
564 492 743 553 quem
799 472 984 534 semel
1039 474 1120 533 ait
1175 474 1238 533 in
1295 474 1459 533 omni
1515 475 1634 533 vita
1689 476 1896 535 risisse
1954 473 2247 557 LuciliuS,
2305 475 2407 538 sed
2461 486 2620 537 tran-

257 562 439 642 quilla
483 571 557 624 ‘et
614 580 853 643 serena3
921 564 1005 623 sic
1070 563 1231 622 enim
1298 563 1655 641 accepimus.
1745 562 1882 623 Iure
1939 573 2138 624 autem
2193 574 2323 632 erat
2380 583 2617 645 semper

254 651 414 712 idem
463 652 686 734 voltus,
743 670 878 712 cum
926 653 1171 732 mentiS,
1228 669 1260 710 a
1319 669 1433 730 qua
1481 652 1533 711 is
1580 651 1850 735 fingitur,
1908 652 2068 713 nulla
2124 654 2295 715 fieret
2349 657 2618 715 mutatio.

239 740 385 811 Qua
447 759 513 801 re
571 743 795 821 accipio
853 739 1129 820 equidem
1178 757 1210 799 a
1259 739 1600 820 Cyrenaicis
1656 740 1803 801 haec
1859 759 2019 801 arma
2076 750 2282 804 contra
2339 762 2511 804 casus
2562 752 2621 803 et

256 835 534 911 eventuS,
590 829 806 910 quibus
865 847 1072 891 eorum
1128 828 1515 890 advenientes
1573 830 1832 908 impetus
1886 830 2172 892 diuturna
2227 831 2617 910 praemedita—

256 919 419 980 tione
468 918 844 999 frangantur,
891 917 1187 997 simulque
1236 917 1435 978 iudico
1483 917 1702 979 malum
1749 918 1905 990 illud·
1951 921 2249 999 opinionis
2305 939 2439 982 esse
2493 939 2619 1000 non

253 1015 533 1088 naturae3
580 1011 631 1068 si
679 1010 837 1069 enim
885 1010 946 1068 in
993 1026 1061 1067 re
1101 1015 1285 1087 esset,
1334 1025 1442 1067 cur
1491 1006 1706 1068 fierent
1750 1010 1986 1088 provisa
2032 1005 2298 1070 leviora?

437 1095 553 1156 Sed
602 1105 695 1157 est
738 1096 929 1157 isdem
975 1096 1049 1184 de
1106 1095 1287 1156 rebus
1336 1095 1495 1175 quod
1552 1095 1670 1156 dici
1725 1098 1916 1176 possit
1972 1097 2277 1181 subtilius,
2339 1100 2390 1159 si
2445 1102 2615 1178 prius
2637 1115 2704 1163 32

254 1184 504 1265 Epicuri
561 1187 917 1247 sententiam
962 1184 1313 1265 viderimuS‚
1370 1187 1474 1263 qui
1529 1193 1738 1245 censet
1791 1204 2039 1248 necesse
2099 1205 2231 1248 esse
2290 1205 2496 1249 omnes
2554 1190 2616 1249 in

254 1273 630 1353 aegritudine
677 1292 838 1355 esse,
896 1276 999 1354 qui
1046 1293 1109 1335 se
1157 1275 1218 1334 in
1275 1273 1446 1334 malis
1502 1291 1635 1334 esse
1692 1273 2087 1357 arbitrentur,
2144 1278 2266 1336 sive
2324 1276 2424 1337 illa
2479 1287 2614 1338 ante

252 1365 492 1443 provisa
549 1372 609 1423 et
666 1371 1004 1444 exspectata
1060 1364 1181 1424 sint
1243 1364 1365 1423 sive
1421 1364 1901 1425 inveteraverint.
1991 1363 2139 1426 Nam
2196 1383 2392 1444 neque
2450 1374 2616 1428 vetu-

254 1460 407 1514 state
455 1454 644 1514 minui
691 1451 841 1513 mala
888 1470 997 1513 nec
1055 1453 1185 1512 fleri
1230 1451 1656 1530 praemeditata
1713 1451 1960 1534 leviora,
2017 1454 2378 1533 stultamque
2437 1456 2617 1516 etiam

253 1560 385 1602 esse
437 1540 880 1603 meditationem
928 1542 1118 1602 futuri
1164 1540 1297 1601 mali
1347 1547 1450 1601 aut
1496 1541 1748 1601 fortasse
1802 1560 1875 1601 ne
1923 1542 2113 1604 futuri
2151 1543 2420 1624 quidem3
2470 1546 2615 1604 satis

254 1649 386 1691 esse
427 1629 701 1691 odiosum
746 1630 967 1692 malum
1013 1648 1215 1709 omne,
1264 1647 1400 1690 cum
1437 1631 1737 1710 venisset3
1784 1632 1888 1709 qui
1935 1639 2134 1692 autem
2181 1650 2418 1711 semper
2462 1635 2618 1712 cogi·

254 1722 497 1781 tavisset
550 1719 821 1781 accidere
868 1738 1044 1798 posse
1092 1717 1310 1797 aliquid
1369 1718 1630 1800 adversi,
1686 1721 1743 1779 ei
1799 1720 1931 1780 fieri
1985 1720 2129 1780 illud
2189 1723 2620 1800 sempiternum

252 1808 502 1889 malum3
559 1810 607 1869 si
657 1827 798 1869 vero
844 1827 919 1869 ne
967 1808 1237 1871 futurum
1287 1806 1531 1887 quidem
1595 1809 1699 1889 sit,
1758 1808 1981 1870 frustra
2040 1811 2264 1889 suscipi
2319 1811 2620 1872 miseriam

255 1897 679 1959 voluntariam:
732 1899 815 1958 ita
870 1915 1107 1977 semper
1163 1898 1298 1976 angi
1360 1905 1463 1957 aut
1518 1897 1864 1976 accipiendo
1920 1905 2023 1959 aut
2080 1898 2391 1978 cogitando
2447 1899 2618 1960 malo.

252 1984 634 2048 Levationem
682 1994 881 2046 autem
930 1986 1317 2066 aegritudinis
1379 1987 1442 2046 in
1500 1983 1730 2046 duabus
1786 1985 1969 2049 rebus
2024 1990 2218 2069 ponit,
2274 1990 2616 2049 avocatione
2637 2005 2704 2054 33
2794 2009 2797 2013 ·

247 2093 282 2137 ,a
341 2075 650 2155 cogitanda
707 2075 977 2136 molestia
1032 2083 1092 2137 et
1149 2076 1525 2136 revocatione
1584 2074 1656 2134 ad
1718 2075 2202 2155 contemplandas
2259 2076 2607 2156 voluptates

251 2163 471 2225 Parere
520 2167 680 2225 enim
727 2172 934 2225 censet
980 2167 1241 2226 animum
1290 2164 1506 2224 rationi
1554 2181 1729 2242 posse
1785 2173 1844 2225 et
1892 2182 2010 2243 quo
2057 2164 2154 2224 illa
2203 2164 2380 2225 ducat
2427 2169 2616 2244 sequi.

252 2252 426 2314 Vetat
479 2255 663 2334 igitur
717 2255 870 2314 ratio
925 2254 1150 2314 intueri
1210 2251 1511 2313 molestias
1522 2299 1540 2334 ,
1606 2249 1896 2313 abstrahit
1964 2252 2036 2313 ab
2107 2251 2339 2314 acerbis
2395 2257 2614 2334 cogita-

250 2342 545 2423 tionibuS‚
590 2341 867 2404 hebetem
897 2341 1061 2417 facit
1106 2346 1290 2405 aciem
1330 2340 1401 2401 ad
1441 2343 1713 2402 miserias
1753 2342 2240 2423 contemplandas
2252 2390 2270 2424 ,
2320 2362 2349 2404 a
2399 2343 2617 2422 quihus

255 2532 371 2586 λῶν
407 2527 512 2618 τῂν
549 2528 715 2593 ,πόλιν
744 2533 1147 2601 κατασχουσῶν
1177 2529 1242 2589 ἐν
1270 2530 1380 2588 ποῖ-

254 2620 381 2728 232⁹
420 2599 1142 2744 issf‘Z0{}„52“}{‘⁰2²3-2⁶2
1164 2602 1382 2739 ”m

253 2743 355 2800 καὶ
392 2739 730 2807 ἐπανιόντος
765 2740 1117 2800 θεάσασθαι.

325 2816 413 2870 Μ.
440 2815 653 2871 Crassi:
682 2815 825 2872 Plin.
856 2819 972 2872 nat.
1002 2817 1056 2872 h.
1078 2816 1184 2870 VII
1206 2823 1289 2885 19,
1312 2823 1380 2873 79

251 2887 477 2942 Ferunt
525 2886 808 2954 Crassum,
864 2904 1030 2942 avum
1079 2887 1268 2944 Crassi
1316 2890 1381 2944 in

250 2957 483 3013 Parthis
509 2958 835 3026 interempti,
850 2976 1148 3029 numquam
1175 2961 1379 3028 risisse,

248 3030 317 3085 ob
355 3029 419 3084 id
455 3028 776 3099 Agelastum
811 3036 1075 3086 vocatum.

327 3101 614 3156 Lucilius:
671 3100 771 3154 der
813 3101 1096 3157 bekannte
1133 3101 1377 3158 Satiren-

249 3171 500 3241 dichter‚
550 3171 649 3226 der
696 3172 844 3226 etwa,
882 3178 984 3228 148
1020 3191 1073 3229 v.
1115 3173 1242 3229 Chr.
1281 3191 1378 3244 ge-

247 3244 455 3310 boren‚
539 3243 714 3297 durch
788 3243 1201 3300 Frenndschaft
1269 3245 1378 3300 wie

247 3314 429 3369 durch
448 3313 813 3369 Feinclsehast,
838 3313 945 3368 mit
963 3315 1072 3369 den
1091 3315 1380 3372 einzelnen

247 3383 491 3440 Grossen
547 3385 729 3440 seiner
785 3384 907 3440 Zeit
946 3387 1380 3457 ansgezeichnet

245 3473 383 3513 war.

324 3528 672 3583 advenientes
697 3528 946 3597 impetus,
973 3527 1095 3584 ihre
1107 3528 1378 3600 Angriffe,

245 3598 427 3654 bevor
477 3598 558 3654 sie
604 3616 708 3653 uns
754 3597 970 3655 treffen.
1011 3631 1078 3640 —
1116 3601 1231 3656 Der
1267 3603 1379 3656 Ab·

243 3669 394 3726 lativ
429 3671 705 3726 diuturna
736 3672 1053 3739 praemedit.
1105 3672 1378 3728 erlautert

244 3740 360 3796 den
396 3740 613 3812 Begriff
649 3758 759 3797 von
816 3743 1045 3810 quibus,
1100 3761 1257 3798 wozu
1315 3761 1376 3800 er

245 3811 376 3867 eine
402 3814 512 3867 Art
538 3811 879 3882 Apposition
905 3813 1101 3871 bildet.
1155 3813 1374 3872 Ebenso

243 3888 277 3950 ξ
320 3889 387 3938 33
424 3885 754 3953 voluptates,
789 3885 991 3954 quibus
1026 3890 1076 3939 et
1103 3889 1374 3955 praeteri-

243 3960 434 4010 tarum
468 3956 732 4010 numeria
770 3956 874 4010 cet.

319 4028 383 4082 in
416 4043 478 4081 re
514 4031 672 4092 esset,
709 4025 769 4080 in
808 4025 917 4081 den
944 4026 1374 4086 Verhffltnissen

242 4097 565 4168 begriindet
618 4101 793 4165 ware,
852 4098 906 4154 d.
953 4097 1008 4152 h.
1066 4116 1229 4155 wenn
1285 4101 1375 4158 die

243 4167 633 4225 Verhffltnisse
692 4168 864 4224 allein
909 4169 1023 4223 und
1070 4172 1375 4227 notwendi·

242 4238 517 4366 gexpveke
556 4238 649 4294 die
686 4239 1111 4296 Bekiimmernis
1149 4241 1375 4300 hervor-

239 4328 327 4366 ne
349 4328 437 4368 en.

1565 2536 1652 2584 32.
1691 2531 1804 2585 sive
1829 2532 1932 2586 illa
1968 2537 2096 2586 ante
2123 2533 2355 2600 provisa
2393 2563 2459 2572 --
2487 2535 2614 2590 sive.

1491 2601 1599 2655 Ein
1654 2599 1967 2670 Gegensatz
2017 2603 2289 2657 zwischen
2339 2603 2449 2658 den
2499 2604 2615 2659 bei-

1491 2671 1600 2726 den
1666 2672 1933 2727 Gliedern
1993 2673 2170 2729 findet
2230 2674 2392 2729 nicht
2447 2675 2613 2730 stattz
2684 2691 2688 2695 ·

1489 2743 1590 2798 das
1629 2744 1776 2798 erste
1815 2743 1891 2797 ist
1926 2760 2108 2814 gegen
2146 2744 2238 2801 die
2278 2745 2615 2815 Cyrenaiker

1488 2812 1793 2883 gerichtet‚
1849 2814 1948 2869 das
1994 2815 2188 2870 zweite
2234 2833 2415 2887 gegen
2464 2818 2613 2873 Zeno

1487 2885 1604 2939 und
1670 2885 1821 2940 seine
1878 2886 2058 2941 Lehre
2110 2904 2224 2943 von
2279 2889 2379 2943 der
2432 2905 2615 2946 ‘recens

1488 2957 1679 3026 opinio
1717 2974 1758 3011 s.
1803 2963 1892 3026 11,
1932 2963 2017 3012 25.

1560 3044 1683 3082 ewm
1727 3029 1971 3085 venisset.
2043 3030 2198 3085 Weil
2254 3033 2394 3086 statut
2442 3037 2616 3087 censet

1491 3099 1804 3169 ebensogut
1831 3101 1989 3155 hatte
2009 3104 2210 3171 gesagt
2226 3104 2449 3158 werden
2475 3104 2614 3158 klin—

1489 3185 1598 3224 nen
1637 3172 1874 3238 censuit,
1911 3173 2054 3226 setzt
2090 3173 2202 3228 Cic.
2239 3175 2383 3228 ohne
2412 3175 2611 3229 Unter-

1490 3240 1684 3296 schied
1734 3242 1844 3296 den
1890 3243 2241 3312 Konjunktiv
2288 3245 2611 3313 Imperfecti

1487 3312 1604 3367 und
1638 3311 1957 3368 Praesentis
1992 3316 2045 3369 si
2080 3331 2202 3369 vero
2238 3333 2306 3369 ne
2354 3317 2612 3382 futurum

1487 3385 1707 3453 quidem
1768 3386 1856 3439 sit.
1958 3385 2180 3440 Ebenso
2245 3392 2342 3455 23,
2419 3392 2486 3441 63
2561 3394 2612 3442 et

1488 3455 1782 3510 Aeschines
1830 3456 1895 3509 in
1944 3455 2352 3512 Demosthenem
2404 3459 2609 3513 invehi-

1489 3531 1609 3593 twr,
1645 3528 1790 3595 quod
1828 3557 1896 3566 -—
1931 3528 2328 3583 immolavisset.

1560 3603 1647 3654 33.
1685 3602 1831 3653 vetat
1867 3628 1934 3638 —
1971 3600 2135 3656 ratio,
2211 3601 2334 3655 Von
2379 3599 2502 3654 hier
2538 3618 2611 3655 an

1488 3667 1628 3722 wird
1668 3667 1759 3724 die
1788 3669 2027 3725 Ansicht
2053 3671 2295 3740 Epikurs
2332 3673 2388 3725 in
2428 3671 2611 3742 direk-

1484 3739 1573 3794 ter
1618 3739 1773 3794 Rede
1821 3740 2140 3811 angefiihrt.
2214 3744 2386 3810 ratio,
2434 3730 2608 3798 Uber-

1485 3810 1721 3934 }Kegung,
1774 3808 2061 3884 λογισμός,
2117 3814 2195 3867 im
2251 3813 2420 3869 Sinne
2474 3815 2607 3884 Epi-

1524 3899 1633 3939 urs.

1555 3954 1785 4009 hebetem
1819 3955 1989 4022 facit.-
2037 3956 2178 4023 facit
2212 3956 2359 4012 fehlt
2393 3957 2452 4011 in
2499 3958 2609 4012 den

1484 4023 1675 4082 Hdss.·
1723 4026 1854 4080 Man
1891 4028 1995 4082 hat
2029 4028 2259 4083 hebetem
2296 4030 2466 4084 aciem
2503 4029 2610 4085 mit

1483 4096 1757 4151 abstrahit
1804 4099 1874 4153 ab
1914 4130 1980 4139 -—
2019 4101 2442 4167 eoyitationibus
2487 4117 2607 4155 ver-

1483 4166 1693 4222 binden
1725 4169 1960 4238 wellen,
2007 4171 2066 4224 in
2104 4170 2233 4225 dem
2282 4172 2470 4226 Sinne:
2525 4172 2606 4227 sie

1483 4238 1648 4293 lenkt
1685 4240 1793 4294 den
1831 4239 1990 4295 Geist
2020 4258 2131 4297 von
2159 4243 2268 4297 den
2298 4242 2603 4298 Gedanken

1484 4311 1585 4379 ab,
1643 4310 1828 4366 nodare
1875 4329 1935 4366 er
1982 4314 2199 4384 stumpf
2239 4313 2377 4368 wird
2423 4330 2605 4383 gegen
