2902 4649
311 148 438 212 106
762 146 837 202 Μ.
878 145 1040 200 TUL.
1080 144 1211 200 CIC.
1249 142 1550 201 TUSCUL.
1588 144 1974 200 DISPUTAT.
2012 144 2080 199 ΙΙ.
2121 152 2206 202 67.

304 317 609 394 timorem,
674 314 761 373 sic
826 311 1222 391 urguentibus
1287 314 1516 392 asperis
1580 284 1641 372 et
1705 311 1927 372 odiosis
1992 311 2298 374 doloribus
2314 359 2333 394 ‚
2399 314 2451 373 si
2515 316 2675 375 tanti

307 405 453 483 sint,
501 410 570 463 ut
614 400 847 462 ferendi
893 419 1013 461 non
1043 403 1205 482 sint,
1252 419 1370 480 quo
1418 403 1497 461 sit
1542 399 2008 479 confugiendum
2055 411 2121 461 tu
2170 401 2355 462 vides,

482 489 641 551 Haeo
688 490 814 551 fere
860 490 974 550 hoe
1022 499 1291 569 tempore
1333 491 1537 569 putavi
1583 505 1718 550 esse
1765 489 2030 550 dicenda.
2126 489 2244 550 Sed
2291 497 2357 551 tu
2408 490 2669 552 fortasse

214 643 224 656 ,
302 582 365 640 in
430 581 723 640 sententia
785 596 1117 659 permanes.
1208 580 1279 639 Α.
1343 578 1585 639 Minime
1652 596 1820 658 vero,
1884 595 2130 658 meque
2165 577 2346 639 biduo
2412 579 2677 640 duarum

301 686 534 749 rerum,
600 686 746 747 quas
807 670 1059 729 maxime
1119 665 1427 747 timebam,
1494 685 1669 746 spero
1732 666 2051 728 liberatum
2110 676 2292 729 metu.
2387 668 2472 728 M.
2521 668 2674 729 Cras

305 775 446 836 ergo
494 756 565 816 ad
613 756 1011 837 clepsydram3
1059 758 1146 817 sio
1194 758 1353 817 enim
1391 756 1677 837 diximuS,
1723 763 1785 817 et
1820 755 1931 816 tihi
1967 756 2082 817 hoe
2121 755 2290 817 video
2328 775 2447 817 non
2485 775 2671 836 posse

304 844 527 905 deberi.
611 846 682 907 A.
730 843 815 906 Ita
852 863 1130 926 prorsus;
1179 854 1241 906 et
1275 844 1421 906 illud
1461 844 1703 924 quidem
1742 855 1877 906 ante
1918 845 2254 925 meridiem,
2302 845 2415 905 hoe
2454 845 2673 906 eodem

304 944 589 1013 tempore.
683 934 767 994 M.
818 934 915 994 Sie
962 934 1249 996 faciemus
1296 936 1537 1013 tuisque
1583 936 1845 1013 optumis
1891 933 2106 995 studiis
2150 933 2575 1013 obsequemur.

373 1106 425 1161 si
458 1105 606 1161 tanti
638 1106 754 1159 sint
790 1105 895 1159 eet.
972 1104 1100 1174 Vgl.
1120 1103 1172 1158 V
1204 1111 1290 1174 40,
1322 1111 1424 1160 117

302 1177 394 1231 sin
426 1177 569 1243 forte
604 1206 672 1216 —-
704 1176 1064 1231 vehementius
1099 1182 1282 1231 tamen
1316 1182 1425 1231 tor-

303 1252 491 1316 quent,
537 1264 701 1316 quam
736 1252 801 1301 ut
844 1263 1015 1302 causa
1058 1249 1159 1313 sit,
1205 1264 1306 1302 cur
1348 1248 1427 1314 fe-

302 1324 530 1384 rantur,
586 1319 721 1387 quid
775 1323 853 1373 est
906 1318 1125 1373 tandem
1169 1348 1241 1359 —
1281 1319 1427 1387 quod

303 1390 635 1454 laboremus3
665 1394 866 1458 pomae
900 1390 1045 1443 enim
1069 1395 1295 1458 praesto
1331 1394 1424 1444 est.

374 1460 730 1530 clepsydram.
807 1458 1058 1514 Seitdem
1104 1459 1282 1514 durch
1332 1460 1424 1514 die

301 1532 396 1585 lox
431 1530 701 1600 Pompeia.
737 1530 846 1585 den
880 1530 1140 1585 Rednem
1174 1530 1271 1587 bei
1296 1530 1420 1586 Kri-

303 1601 774 1671 minalprozessen
795 1601 886 1656 ein
903 1601 1256 1657 bestimmtes
1275 1601 1421 1657 Zeit-

302 1670 445 1726 mal's
501 1673 718 1741 gesesszt
773 1688 913 1739 war,
969 1673 1070 1727 das
1127 1673 1209 1729 sie
1262 1674 1423 1730 nieht

302 1743 725 1798 iibersehreiten
778 1742 1027 1813 durften,
1088 1744 1164 1798 ist
1218 1745 1420 1816 clepsy-

303 1815 436 1869 dras
471 1815 605 1869 dwre
639 1840 709 1859 =
745 1815 990 1883 spatium
1016 1816 1236 1870 dicendi
1270 1816 1421 1871 dame.

303 1884 524 1940 Ebenso
551 1884 824 1940 brauohte
853 1903 985 1940 man
1017 1884 1107 1941 die
1138 1887 1425 1958 clepsydra

302 1955 397 2011 bei
432 1955 866 2026 Redeiibungen.

372 2028 454 2082 sic
489 2028 633 2081 enim
672 2028 944 2095 dioeimus,
1002 2028 1087 2083 ‘so
1143 2027 1267 2084 sind
1322 2027 1425 2083 wir

301 2097 914 2168 fibereingekommen'.
991 2099 1044 2154 S.
1085 2106 1143 2168 3,
1182 2106 1233 2156 9.

1605 1106 1731 1172 hoc,
1777 1105 1831 1159 d.
1869 1104 1907 1160 i.
1944 1106 2030 1160 ita
2065 1122 2250 1177 ayere,
2299 1110 2364 1160 ut
2399 1107 2668 1163 diximus.

1534 1177 1748 1244 debere,
1782 1175 2216 1245 ‘vorensshalssem
2238 1177 2500 1247 sehuldig
2518 1178 2664 1232 blei·

1534 1247 1687 1302 ben’.
1763 1246 1837 1303 ad
1873 1248 1991 1303 Aua.
2030 1248 2107 1302 IV
2145 1254 2204 1315 2,
2245 1254 2276 1310 2
2316 1249 2501 1318 itaque
2544 1265 2678 1303 ora·

1533 1319 1612 1373 tio
1675 1319 1951 1373 iuventuti
2011 1325 2230 1374 nost-rae
2301 1320 2487 1375 deberi
2549 1336 2677 1374 non

1530 1394 1721 1457 potest.
1795 1390 1867 1444 ad
1921 1389 2055 1445 fam.
2111 1388 2215 1445 VH
2272 1396 2373 1458 19,
2436 1397 2463 1445 1
2521 1392 2674 1460 quod

1526 1462 1808 1529 praesenti
1870 1461 1974 1515 tibi
2027 1477 2203 1530 prope
2269 1463 2660 1531 subneqaram,

1530 1547 1645 1586 ‘non
1680 1533 1984 1588 tribueram
2018 1538 2183 1600 certe,
2221 1534 2284 1588 id
2321 1534 2537 1588 absenti
2574 1534 2668 1589 de-

1532 1604 1652 1658 bere
1686 1619 1800 1658 non
1838 1603 2016 1672 potui.

1602 1675 1686 1728 ita
1712 1689 1961 1743 prorem.
2039 1674 2092 1729 S.
2131 1691 2176 1729 z.
2215 1674 2241 1728 Ι
2280 1680 2341 1743 5,
2381 1682 2431 1734 9.

1601 1746 1771 1811 illud,
1809 1744 1899 1799 die
1932 1744 2380 1815 Besohaftigung
2415 1745 2522 1800 mit
2564 1746 2670 1802 der

1533 1814 1886 1886 Redekunst‚
1921 1817 2021 1871 hoe
2046 1815 2138 1871 die
2156 1817 2671 1887 philosophisehen

1533 1886 1986 1957 Disputationen.
2022 1897 2025 1901 ’
2058 1887 2157 1943 hoe
2193 1888 2349 1943 steht
2386 1889 2447 1944 in
2476 1888 2674 1959 Bezug

1535 1956 1636 2012 auf
1667 1958 1808 2027 dass
1844 1975 1959 2013 was
1997 1957 2108 2013 den
2144 1957 2454 2024 Redenden
2490 1959 2676 2015 nahei-

1534 2029 1764 2098 angeht.
1841 2029 1894 2084 S.
1934 2046 1979 2083 z.
2017 2029 2043 2083 I
2081 2036 2176 2098 49,
2228 2035 2354 2087 11⁷.
