2902 4649
204 216 285 280 18

215 294 282 342 41

215 696 285 744 42

204 1528 287 1590 19

218 1605 287 1653 43

309 76 394 138 72
1088 73 1165 127 M
1205 72 1449 128 TULLII
1490 70 1874 128 CICERONIS

305 259 426 301 non
474 242 892 301 sustineretur.
986 239 1101 311 Qui
1159 240 1399 301 modum
1453 241 1638 318 igitur
1685 240 1827 299 vitio
1883 239 2118 316 quaerit
2174 236 2446 298 similite1
2504 238 2677 319 facit,

308 338 376 390 ut
421 331 473 390 si
517 347 693 409 posse
741 337 911 409 putet
959 347 1114 433 eum,
1162 331 1265 407 qui
1313 347 1377 388 se
1425 348 1459 389 e
1506 327 1765 390 Leucata
1811 327 2310 407 piaecipitaverit,
2358 328 2668 388 sustinere

309 436 393 499 se,
438 436 575 478 cum
621 417 777 478 velit.
870 417 948 478 Ut
995 420 1153 478 enim
1199 417 1258 478 id
1308 436 1427 478 non
1473 423 1709 497 potest,
1755 418 1842 477 sic
1892 418 2137 476 animus·
2171 413 2561 494 perturbatus
2610 423 2676 475 et

307 508 589 567 incitatus
635 524 747 567 nec
786 506 1066 567 cohibere
1107 525 1171 567 se
1209 515 1408 585 potest
1445 524 1557 567 nec
1597 524 1714 585 quo
1752 505 1887 568 loco
1923 502 2044 565 volt
2080 506 2379 564 insistere.
2459 502 2669 564 Omni-

307 613 523 675 noque,
552 613 703 673 quae
743 597 1072 655 crescentia
1111 596 1443 675 perniciosa
1485 602 1641 675 sunt,
1677 595 1883 655 eadem
1920 601 2061 654 sunt
2097 595 2305 653 vitiosa
2343 594 2677 653 nascentia.

298 683 632 763 ‚Aegritudo
672 691 871 745 autem
909 692 1261 762 ceteraeque
1301 682 1801 763 perturbationeS,
1839 681 2223 761 amplificatae
2264 690 2445 760 certe,
2482 682 2670 760 pesti·
2776 755 2783 759 ι
2878 735 2879 772 3

307 773 468 832 ferae
517 778 683 832 sunt:
738 774 923 851 igitur
980 775 1156 833 etiam
1205 779 1517 851 susceptae
1567 774 1850 832 continuo
1895 773 1958 831 in
2006 788 2215 849 magna
2261 772 2450 848 pestis
2495 777 2670 848 parte
2878 807 2879 828 ι

307 868 636 922 versantur.
728 859 965 922 Etenim
1012 863 1175 940 ipsae
1224 879 1286 920 se
1334 859 1647 940 inpellunt,
1702 859 1806 920 ubi
1854 859 2037 920 semel
2085 878 2118 919 a
2164 861 2393 919 ratione
2442 858 2670 919 disces-

308 967 442 1010 sum
488 958 608 1030 est,
662 951 909 1030 ipsaque
959 949 1082 1010 sibi
1126 948 1482 1010 inbecillitas
1539 948 1808 1027 indulget
1852 951 1914 1009 in
1962 948 2266 1027 altumque
2314 947 2671 1027 provehitur

306 1037 636 1118 inprudens
700 1057 813 1099 nec
878 1040 1103 1118 reperit
1166 1038 1364 1098 locum
1431 1036 1813 1098 consistendi.
1919 1035 2110 1107 Quam
2177 1035 2252 1096 ob
2324 1054 2452 1096 rem
2519 1034 2673 1096 nihil

304 1128 559 1187 interest
615 1137 818 1188 utrum
875 1126 1209 1188 moderatas
1264 1125 1748 1204 perturbationes
1795 1125 2127 1205 adprobent
2176 1144 2248 1185 an
2297 1125 2669 1185 moderatam

305 1216 685 1297 iniustitiam,
733 1215 1097 1276 moderatam
1142 1217 1461 1296 ignaviam,
1509 1214 1874 1275 moderatam
1918 1216 2453 1294 intemperantiam.
2548 1211 2668 1283 Qui

308 1306 467 1364 enim
512 1301 670 1364 vitiis
717 1303 958 1364 modum
1007 1304 1267 1383 adponit,
1312 1305 1365 1363 is
1412 1311 1641 1383 partem
1682 1305 1931 1382 suscipit
1968 1304 2280 1383 vitiorum3
2327 1302 2483 1381 quod
2526 1320 2671 1362 cum

306 1394 504 1472 ipsum
549 1411 658 1472 per
705 1410 770 1452 se
818 1391 1090 1453 odiosum
1137 1400 1246 1472 est,
1292 1399 1419 1468 tum
1471 1410 1540 1452 eo
1588 1390 1918 1471 molestiuS,
1967 1393 2103 1470 quia
2150 1400 2291 1452 sunt
2333 1393 2394 1452 in
2431 1389 2670 1451 lubrico

307 1482 670 1559 incitataque
709 1480 893 1541 semel
929 1480 1176 1560 proclivi
1213 1480 1498 1542 labuntur
1537 1482 1937 1561 sustinerique
1979 1480 2141 1541 nullo
2180 1480 2354 1540 modo
2391 1487 2672 1559 possunt.

489 1565 690 1640 Quid?
749 1570 905 1648 quod
953 1569 1112 1631 idem
1156 1570 1542 1649 Peripatetici
1594 1568 2077 1649 perturbationes
2122 1570 2295 1649 istas,
2351 1586 2499 1647 quas
2556 1586 2670 1628 nos

310 1658 722 1737 exstirpandas
766 1666 1072 1740 putamuS,
1135 1676 1256 1718 non
1304 1659 1480 1719 modo
1529 1657 1828 1719 naturales
1877 1676 2008 1718 esse
2056 1657 2288 1738 dicunt,
2334 1657 2438 1717 sed
2487 1659 2671 1717 etiam

309 1746 537 1807 utiliter
585 1765 615 1806 a
664 1754 874 1806 natura
921 1745 1103 1807 dataS.
1197 1746 1471 1817 Quorum
1529 1754 1621 1807 est
1666 1746 1799 1807 talis
1847 1748 2054 1807 oratio.
2145 1746 2412 1806 Primum
2460 1745 2672 1806 multis

308 1834 508 1895 verbis
563 1834 933 1896 iracundiam
988 1834 1254 1896 laudant:
1316 1844 1513 1895 cotem
1568 1835 1935 1896 fortitudinis
1983 1853 2114 1895 esse
2163 1834 2396 1913 dicunt,
2451 1833 2669 1894 multo-

312 1941 428 2001 que
486 1931 545 1983 et
599 1925 661 1983 in
718 1922 952 1984 hostem
1009 1931 1069 1983 et
1122 1926 1185 1984 in
1241 1923 1562 2004 inprobum
1618 1925 1807 1983 civem
1854 1922 2328 2005 vehementiores
2375 1924 2672 1982 iratorum

310 2013 551 2090 inpetus
607 2030 767 2093 esse,
823 2011 982 2072 leves
1039 2019 1237 2073 autem
1296 2011 1660 2074 ratiunculas
1718 2030 1957 2091 eorum,
2016 2014 2119 2090 qui
2174 2013 2254 2071 ita
2310 2013 2671 2089 cogitarent:

312 2096 630 2179 ‘proelium
678 2107 910 2161 rectum
959 2107 1051 2161 est
1095 2100 1210 2161 hoc
1256 2101 1406 2181 fieri,
1453 2103 1729 2161 convenit
1774 2100 2055 2160 dimicare
2104 2118 2213 2179 pro
2259 2097 2512 2180 legibuS,
2559 2117 2674 2179 pro

309 2188 602 2271 libertate,
648 2207 758 2269 pro
806 2185 1039 2268 patria.'
1133 2189 1293 2251 Haec
1341 2188 1563 2250 nullam
1617 2188 1838 2249 habent
1880 2190 1999 2248 'vim
2053 2190 2169 2248 nisi
2213 2190 2303 2248 ira
2351 2187 2674 2248 excanduit

311 2278 620 2340 fortitudo.
712 2277 836 2338 Nec
883 2296 1025 2339 vero
1073 2276 1146 2339 de
1184 2277 1572 2340 bellatoribus
1609 2276 1800 2339 solum
1840 2277 2170 2358 disputant3
2216 2277 2466 2357 imperia
2503 2278 2670 2337 seve·

309 2369 470 2427 riora
517 2366 677 2427 nulla
724 2385 856 2427 esse
904 2374 1118 2445 putant
1165 2369 1292 2427 sine
1340 2367 1535 2446 aliqua
1581 2366 1905 2427 acerbitate
1953 2366 2320 2447 iracundiae3
2368 2375 2673 2427 oratorem

311 2454 567 2534 denique
624 2473 744 2515 uon
801 2455 976 2516 modo
1034 2463 1438 2536 accusantem,
1496 2454 1599 2516 sed
1653 2474 1728 2515 ne
1777 2444 2193 2515 defendentem
2243 2454 2484 2533 quidem
2530 2473 2670 2533 pro-

383 2677 525 2747 Kap.
548 2677 645 2733 18.
683 2684 767 2732 41.
807 2677 1074 2746 Leucata,
1104 2678 1251 2747 jetzt
1280 2675 1397 2747 Cap
1400 2694 1433 2733 o
1613 2683 1778 2733 cotem
1830 2678 2211 2745 fortitudinis.-
2277 2677 2402 2732 Sen.
2458 2678 2528 2731 de
2585 2678 2677 2734 ire.

310 2696 556 2815 Ducato,
621 2748 722 2803 das
778 2748 1029 2803 sudliche
1086 2695 1397 2817 Vorgebirp
1403 2764 1434 2802 e
1541 2748 1622 2802 III
1659 2755 1691 2816 3
1738 2754 1849 2803 stat
1895 2750 2212 2804 Aristoteles
2257 2749 2507 2816 defensor
2550 2751 2677 2804 irae

312 2818 413 2873 der
425 2818 573 2874 Insel
589 2819 809 2873 Leukas
831 2819 922 2874 bei
932 2819 1312 2875 Akamanien.
1409 2835 1434 2871 s
1543 2826 1594 2874 et
1627 2825 1772 2875 vetat
1807 2822 1965 2874 illam
1999 2821 2158 2876 nobis
2184 2822 2446 2886 exsecari,
2482 2822 2675 2875 calcar

311 2906 429 2953 war
466 2890 727 2944 beriihmt
778 2889 954 2946 durch
999 2891 1163 2945 einen
1200 2890 1435 2960 Tempel
1543 2892 1628 2944 ait
1663 2907 1771 2945 esse
1805 2893 2046 2945 virtuti&
2121 2891 2251 2946 Hae
2295 2861 2479 2959 erept'a
2525 2892 2676 2946 iner-

311 2960 410 3013 des
447 2959 668 3029 Apollo.
744 2960 969 3030 Sappho
1015 2962 1120 3016 soll
1167 2961 1288 3016 sich
1336 2960 1436 3016 der
1542 2978 1677 3016 mem
1714 2964 1962 3017 animum
1997 2967 2047 3016 et
2083 2964 2159 3018 ad
2187 2967 2417 3018 conatus
2442 2978 2675 3044 maynoe

315 3030 461 3100 Sage
507 3031 654 3084 nach
699 3048 812 3085 von
856 3032 985 3085 dort
1028 3034 1089 3086 in
1133 3032 1235 3088 das
1281 3032 1453 3097 Meet,
1534 3033 1762 3104 piqrum
1799 3035 2126 3102 inertemque
2171 3034 2309 3100 fieri.
2383 3031 2512 3102 Vgl.
2553 3032 2675 3088 Cic.

213 3120 216 3121 ⁷
307 3101 738 3171 herabgestiirzt
784 3102 987 3157 haben.
1063 3103 1190 3172 Vgl.
1230 3109 1327 3171 34,
1366 3109 1432 3158 72
1544 3101 1716 3160 Aead
1754 3104 1806 3158 Π
1860 3109 1957 3170 44,
2017 3110 2118 3158 135
2177 3108 2398 3171 (veteres
2452 3105 2668 3159 Acade-

217 3696 226 3701 ,
307 3657 439 3695 men
505 3641 629 3695 eine
694 3641 952 3696 Zuflueht
1014 3642 1201 3696 finden
1262 3643 1430 3698 kann.

305 3171 611 3228 Leucadia.
1542 3176 1697 3242 mici)
1731 3176 2086 3230 iracundiam
2122 3175 2476 3241 fortitudinis
2507 3177 2677 3244 quasi

380 3267 467 3317 42
519 3263 584 3316 in
633 3277 837 3330 mayna
888 3262 1062 3329 pestis
1107 3266 1272 3330 paq-te
1319 3278 1434 3321 ver.
1543 3251 1709 3301 cotem
1745 3263 1853 3301 esse
1889 3247 2156 3301 dicebant.

291 3332 507 3388 'santur
544 3357 613 3379 ε
650 3349 909 3402 maynam
936 3338 1155 3401 partem
1190 3334 1256 3386 in
1282 3337 1435 3400 peste
1616 3318 1949 3388 cogitarent,
2015 3316 2114 3372 der
2152 3315 2297 3387 Konj
2302 3317 2504 3373 unktiv
2558 3318 2669 3372 Im-

306 3408 614 3470 versantur,
634 3403 770 3459 oder
792 3404 953 3459 valde
972 3403 1267 3473 pestiferae
1285 3408 1430 3459 sarit.
1540 3388 1776 3512 Fessssffi
1810 3389 1960 3443 nach
1992 3389 2204 3454 dieunt,
2241 3405 2283 3445 S·
2304 3406 2347 3442 Ζ·
2368 3388 2448 3442 ῙῙῙ
2470 3394 2556 3455 15,
2577 3394 2664 3443 32·
2735 3453 2743 3459 .

379 3501 443 3554 in
481 3502 653 3555 altum
672 3502 1012 3569 provehitur,
1040 3517 1127 3557 wo
1164 3500 1246 3555 sie
1272 3500 1435 3555 nicht
1543 3530 1667 3584 dut-t
1669 3460 2035 3584 ‘aecfflssuzfffgf
2077 3461 2412 3585 {3512de
2453 3476 2667 3585 ὃῗὲἓζ

308 3571 499 3626 Anker
535 3572 771 3638 werfen,
809 3572 956 3626 noch
990 3588 1091 3626 vor
1127 3571 1236 3626 den
1275 3571 1429 3626 Stfir-
1543 3599 1715 3669 gigo„
1760 3600 1914 3656 Rode
1959 3601 2038 3655 ist
2085 3599 2198 3655 010
2246 3599 2307 3655 in
2353 3599 2444 3654 die
2491 3602 2667 3656 unab-

307 3711 414 3766 Die
442 3711 740 3781 Metapher
772 3712 975 3781 besagt
1002 3713 1123 3767 also
1157 3713 1432 3780 dasselbe,
1541 3671 2329 3824 ξξῗὲθῃὲἒῇἒξξξεξςθέᾒ
2366 3686 2480 3796 {lag
2518 3671 2675 3797 „¹5:13⁶

308 3798 414 3837 me
450 3782 853 3911 {tamt-›lgende
890 3799 989 3837 ’ΜΟ
1025 3790 1227 3852 ‘repent
1255 3785 1430 3838 zocwm
1541 3813 1842 3893 eoyitarertt
1888 3812 2068 3868 oratio
2114 3815 2270 3868 recta
2316 3813 2670 3882 eingetreten

308 3869 459 3908 cmm
510 3871 537 3910 θ
617 3872 640 3909 ²
1540 3882 1634 3951 ist,
1671 3881 1852 3938 dieser
1881 3883 2012 3938 Satz
2047 3885 2180 3940 haec
2208 3915 2275 3924 —
2303 3885 2501 3940 habent
2531 3882 2675 3939 aber

380 3948 643 4020 Kap.19.
681 3957 768 4007 43.
798 3952 1166 4038 iracundiam.
1196 3950 1430 4007 Aristot.
1541 3952 1759 4023 logisch
1802 3953 1962 4009 nicht
1994 3955 2117 4017 ivon
2164 3957 2491 4038 coyitarent,
2543 3971 2668 4011 son·

309 4020 424 4074 eth.
463 3968 586 4078 Nic.
624 4021 704 4075 IV
743 4028 805 4076 11
848 4017 879 4076 ὃ
917 4020 1025 4093 μὲν
1063 4013 1167 4076 οὖν
1207 4018 1307 4090 ἐφ’
1349 4021 1434 4085 οἷς
1543 4023 1681 4079 dern
1716 4041 1829 4080 von
1865 4026 2058 4082 dicunt
2094 4026 2384 4096 abhfingig
2424 4025 2516 4081 ist.

307 4093 408 4145 δεῖ
438 4090 534 4146 καὶ
573 4089 657 4155 οἷς
694 4095 789 4148 δεῖ
831 4043 1197 4180 ὀργιζόμενος
1246 4091 1328 4147 ἔτι
1366 4091 1430 4149 δὲ
1609 4096 1843 4165 imperia
1889 4098 2184 4163 severiora,
2230 4099 2516 4167 strengere
2554 4098 2669 4152 An·

307 4162 408 4216 καὶ
445 4159 519 4225 ὥς
556 4164 650 4218 δει
692 4163 790 4218 καὶ
838 4183 973 4220 οσον
1021 4160 1225 4235 χρόνον
1273 4159 1428 4219 ἕπαι·
1540 4166 1895 4237 ordnungen,
1959 4166 2067 4222 wie
2123 4169 2205 4223 sie
2260 4188 2302 4224 z.
2347 4168 2408 4225 B.
2469 4167 2673 4225 Cicero

305 4238 506 4289 νεῖται.
1538 4254 1721 4309 gagen
1757 4238 1849 4293 die
1889 4238 2246 4294 Catilinaxier
2281 4239 2410 4295 tras.
