2902 4649
651 122 1255 180 TUSCULANARUM
1291 120 1898 177 DISPUTATIONUM
1932 123 1974 176 Ι.
2015 129 2242 179 90-94.
2540 124 2627 187 55

255 310 382 371 qua
439 293 786 371 consopitus
848 299 1119 370 putatur,
1185 297 1252 350 ut
1316 308 1454 350 eum
1520 288 1914 350 dormientem
1970 287 2386 350 oscularetur?
2472 290 2626 361 Quid

259 389 440 441 curet
477 389 691 460 autem,
740 382 842 458 qui
881 396 956 438 ne
996 381 1178 439 sentit
1215 375 1502 457 quidem?
1566 376 1763 438 Habes
1800 396 2075 438 somnum
2112 379 2431 457 imaginem
2469 396 2624 439 mor-

260 471 341 529 tis
388 486 642 548 eamque
690 468 907 529 cotidie
953 467 1185 528 induis:
1234 475 1293 528 et
1340 467 1577 528 dubitas
1624 470 1768 545 quin
1817 485 2030 527 sensus
2075 469 2139 527 in
2185 476 2377 528 morte
2427 467 2625 528 nullus

251 561 360 637 sit,
408 575 548 619 cum
594 561 658 618 in
705 559 834 617 eius
882 556 1199 617 simulacro
1246 556 1445 617 videas
1493 573 1626 616 esse
1674 555 1904 616 nullum
1953 552 2238 615 sensum?
2605 550 2792 666 39*

442 645 747 706 Pellantur
790 663 933 724 ergo
980 647 1128 706 istae
1174 648 1430 723 ineptiae
1486 662 1674 723 paene
1732 644 1945 724 anileS,
1993 653 2138 704 ante
2184 653 2423 724 tempus
2470 663 2711 728 mor193

252 738 552 795 miserum
600 752 748 794 esse.
842 733 1012 804 Quod
1060 733 1297 793 tandem
1344 730 1625 812 tempus?
1686 729 2054 794 naturaene?
2145 733 2220 794 At
2265 752 2334 793 ea
2383 733 2622 811 quidem

256 823 429 884 dedit
479 841 721 883 usuram
768 825 920 884 vitae
970 829 1270 900 tamquam
1314 823 1607 901 pecuniae
1654 821 1815 882 nulla
1862 824 2216 901 praestituta
2262 822 2375 883 die.
2468 821 2623 893 Quid

250 921 356 974 est
402 914 588 991 igitur
635 911 794 991 quod
843 929 1113 991 querare,
1162 913 1213 970 si
1260 913 1499 991 repetit,
1545 928 1681 971 cum
1730 907 1892 971 volt?
1953 930 2021 971 ea
2069 913 2229 971 enim
2275 911 2624 971 condicione

255 1018 597 1079 acceperas,
688 1000 904 1081 Iidem,
951 1002 1004 1060 si
1048 1018 1200 1078 puer
1245 1018 1463 1078 parvus
1512 999 1755 1080 occidit,
1812 1018 2002 1077 aequo
2059 1002 2254 1060 animo
2312 999 2622 1060 ferendum

236 1093 505 1170 “putant,
567 1090 617 1149 si
662 1108 804 1150 vero
851 1091 914 1148 in
971 1091 1169 1168 cuniS,
1231 1107 1306 1148 ne
1370 1087 1741 1165 querendum
1799 1088 2057 1168 quidem.
2148 1087 2327 1166 Atqui
2383 1087 2454 1148 ab
2510 1088 2624 1148 hoc

244 1176 536 1238 acerbius
585 1180 781 1256 exegit
835 1186 1047 1238 natura
1105 1176 1263 1255 quod
1321 1176 1582 1238 dederat.
1675 1172 1972 1237 ‘Nondum
2020 1172 2383 1255 gustaverat'
2429 1179 2625 1254 inquit

248 1262 438 1327 ‘vitae
506 1268 880 1346 suavitatem3
958 1265 1057 1326 hic
1122 1273 1320 1326 autem
1384 1268 1500 1325 iam
1567 1266 1842 1346 sperabat
1907 1284 2143 1346 magna,
2221 1265 2439 1345 quibus
2504 1265 2624 1325 frui

248 1350 586 1434 coeperat?
679 1356 753 1415 At
797 1354 855 1414 id
905 1354 1143 1433 quidem
1191 1357 1253 1413 in
1301 1356 1523 1414 ceteris
1570 1353 1752 1415 rebus
1797 1354 2011 1415 melius
2057 1363 2321 1435 putatur,
2367 1353 2622 1432 aliquam

261 1453 500 1523 partem
546 1461 723 1522 quam
769 1443 989 1505 nullam
1029 1445 1349 1521 attingere:
1395 1461 1508 1503 cur
1545 1445 1604 1503 in
1643 1445 1762 1504 vita
1801 1440 2023 1504 secus?
2096 1444 2465 1522 Quamquam
2503 1461 2621 1502 non

262 1531 420 1592 male
498 1534 579 1592 ait
645 1530 1034 1592 Callimachus
1110 1530 1297 1592 multo
1373 1534 1611 1610 saepius
1675 1532 2013 1591 lacrimasse
2077 1530 2382 1592 Priamum
2446 1548 2622 1610 quam

250 1620 557 1680 Troilum.
603 1618 826 1680 Eorum
874 1627 1099 1699 autem,
1156 1622 1258 1698 qui
1308 1628 1511 1681 exacta
1557 1627 1747 1680 aetate
1797 1623 2160 1700 moriuntur,
2217 1622 2456 1680 fortuna
2500 1620 2622 1680 lau-

254 1705 484 1770 datur?
557 1705 723 1769 Cur?
778 1726 931 1788 nam,
978 1726 1133 1787 reor,
1181 1708 1378 1788 nulliS,
1427 1711 1479 1769 si
1516 1711 1632 1769 vita
1669 1709 1903 1788 longior
1939 1709 2203 1789 daretur,
2246 1716 2452 1788 posset
2489 1726 2620 1768 esse
2642 1722 2712 1771 94

252 1797 610 1878 iucundior,
660 1797 806 1857 nibil
853 1800 1010 1857 enim
1060 1807 1151 1857 est
1195 1797 1465 1876 profecto
1512 1797 1739 1858 homini
1774 1799 2091 1877 prudentia
2128 1797 2380 1878 dulciuS,
2427 1815 2621 1877 quam,

254 1896 327 1947 ut
383 1894 583 1947 cetera
643 1886 896 1966 auferat,
954 1885 1148 1945 adfert
1211 1894 1374 1952 certe
1432 1895 1730 1947 senectus,
1823 1885 1987 1956 Quae
2033 1904 2176 1946 vero
2231 1894 2392 1946 aetas
2447 1886 2621 1965 longa

252 1983 353 2037 est
400 1982 502 2035 aut
551 1974 692 2054 quid
741 1977 981 2035 omnino
1027 1973 1256 2034 homini
1300 1971 1589 2053 longum?
1678 1975 1888 2035 Nonne

347 2100 520 2161 mo'do
561 2116 804 2175 pueros,
852 2100 1026 2158 modo
1075 2095 1496 2158 adulescentes
1542 2102 1605 2157 in
1653 2115 1842 2157 eursu
1892 2107 1935 2157 α’
1979 2105 2151 2173 terqo
2201 2103 2520 2173 insequens

352 2188 467 2249 ne'c
512 2191 828 2265 opinantes
877 2184 1174 2248 ddsecuta
1221 2193 1311 2247 est

248 2376 434 2431 druck
498 2367 596 2429 ‘fiir

252 2447 503 2513 defectio,

330 2535 371 2573 α
405 2535 516 2587 qua
551 2518 878 2585 consopitus,
951 2517 1113 2571 Nach
1150 2517 1386 2572 anderer

658 2374 1143 2439 MondfinsterniS,
1220 2376 1386 2429 lunae
1494 2375 1593 2429 das
1629 2375 2024 2445 Jugendalter,
2072 2380 2271 2430 exacta
2321 2381 2473 2431 aetas
2518 2377 2619 2431 das

1495 2446 1877 2501 Greisenalter
1967 2446 2323 2514 bezeichnet,
2412 2448 2619 2503 ebenso

1484 2522 1746 2585 provecta
1755 2558 1773 2585 ,
1829 2519 2086 2584 decursa,
2142 2523 2296 2584 acta,
2334 2515 2621 2586 praecspi-

252 2588 586 2657 Erzahlung
638 2588 736 2642 des
795 2588 1024 2656 Mythus
1079 2588 1269 2641 wurde
1325 2604 1386 2643 er

249 2677 370 2715 von
407 2660 547 2714 Zeus
584 2659 868 2713 entweder
903 2659 1006 2713 auf
1021 2659 1192 2713 aeine
1216 2659 1385 2726 Bitte,

250 2732 397 2787 oder
450 2748 544 2783 zur
589 2729 798 2796 Strafe,
856 2729 988 2784 weil
1043 2745 1104 2784 er
1159 2729 1281 2783 sich
1326 2729 1387 2783 in

249 2804 413 2857 Hera
441 2801 682 2855 verliebi,
717 2800 895 2869 hatte,
934 2801 1022 2855 ein
1026 2800 1383 2869 g.eschlafert

333 2879 402 2939 et,
440 2871 554 2925 und
590 2871 879 2926 trotzdem.
924 2871 1001 2927 S.
1032 2873 1057 2925 I
1087 2877 1137 2940 3,
1167 2877 1200 2924 6
1238 2876 1383 2926 et—

245 2942 1123 3070 ...Ἢέωῧῖωᾞθὲὸὰὲὦῗιέἶ
1138 2942 1387 3081 ἰῦζῖῗῖῗξέ

255 3085 442 3140 Stzelle
477 3085 570 3139 bei
610 3084 896 3139 Plutarch.
934 3083 1081 3139 Einl
1121 3089 1152 3149 ξ
1189 3088 1274 3138 27.

331 3156 473 3223 Kap.
494 3155 593 3209 89.
624 3161 707 3210 93.
732 3156 1069 3223 praestituta
1095 3156 1200 3222 die,
1226 3157 1384 3208 nam-

248 3227 375 3282 lich
415 3227 513 3281 der
549 3225 874 3294 Riickgabe.

333 3299 537 3367 inquit,
575 3300 705 3364 sagt
739 3296 910 3362 einer,
950 3298 1079 3366 sagi,
1115 3313 1262 3351 man.
1330 3295 1384 3351 8.

254 3389 304 3425 Ζ.
348 3375 434 3437 14,
471 3373 559 3422 31.
632 3368 685 3421 Il
725 3374 808 3437 12,
848 3373 916 3422 29
960 3369 1106 3422 nihil
1149 3374 1252 3433 est,
1295 3368 1386 3421 in—

252 3442 401 3512 quit,
439 3440 660 3494 malum.
723 3437 777 3491 V
812 3444 1041 3505 41,118
1079 3444 1180 3493 aut
1216 3409 1384 3503 bibat,

248 3512 458 3580 inquit,
498 3514 598 3563 aut
634 3509 807 3563 abeat.
864 3509 1062 3564 Parad.
1102 3509 1181 3563 ΠΙ
1220 3515 1270 3576 2,
1309 3514 1378 3563 23

250 3601 292 3637 a
327 3581 683 3651 philosophis,
717 3582 919 3649 inquit,
956 3582 1067 3635 iata
1102 3581 1287 3636 sumis.

250 3651 921 3791 ώὲἵξὲἒὲἴῗᾞιῗθΐέῗ
935 3651 1384 3791 ἶὲἱῖἕὲἔῃέἒξὲἓ

248 3794 401 3850 noch
434 3793 575 3876 ‘kein
604 3793 788 3848 Glfick
820 3793 921 3859 ist3
959 3794 1060 3847 das
1088 3793 1384 3846 bedenken

247 3867 394 3921 aber
424 3864 557 3935 jene
584 3864 760 3918 Lente
796 3864 970 3918 nicht.
1033 3850 1185 3919 Uber
1203 3861 1382 3917 Kalli-

248 3936 489 3991 machus
527 3953 569 3988 s.
608 3954 651 3990 Ζ.
693 3942 778 4002 34,
817 3942 901 3991 84.

331 4008 585 4073 Troilus,
623 4007 776 4060 Sohn
811 4007 911 4060 des
948 4005 1226 4073 Priamus,
1265 4005 1382 4075 der,

244 4078 403 4133 noch
441 4046 585 4131 halb,
619 4077 711 4132 ein
737 4077 952 4147 Knabe,
990 4094 1101 4131 von
1128 4049 1382 4131 Acbilles

246 4151 476 4219 gemmet
513 4148 722 4203 wurde.
776 4149 942 4219 Verg.
981 4149 1118 4203 Aen.
1157 4149 1183 4202 I
1220 4154 1344 4202 474.

323 4226 520 4275 exacta
557 4225 759 4282 aetate:
796 4225 949 4275 aetas
987 4218 1063 4274 iet
1098 4220 1198 4273 das
1232 4218 1383 4272 kraf-

245 4289 372 4361 fige
409 4291 591 4360 Alter,
629 4289 832 4359 sedare,
869 4290 977 4346 wie
1012 4291 1196 4347 iniens
1231 4295 1383 4345 aetas

1493 2594 1645 2652 tata,
1700 2590 1976 2657 decrepita
2023 2593 2186 2643 aetas,
2264 2589 2337 2642 So
2386 2589 2455 2642 de
2502 2605 2617 2645 sen.

1498 2664 1580 2726 17,
1610 2664 1681 2713 60
1718 2674 1842 2712 cum
1878 2663 2008 2712 esset
2044 2664 2169 2713 aeta
2205 2660 2319 2713 iam
2357 2665 2531 2714 aetate
2557 2661 2621 2714 in

1495 2730 1663 2800 amis,
1740 2729 1876 2784 Sall.
1923 2729 2051 2797 Jug.
2101 2737 2159 2796 6,
2197 2736 2229 2783 2
2286 2735 2479 2785 exacta
2514 2747 2620 2785 aaa

1494 2806 1684 2855 aetate.
1730 2800 1862 2855 Tac.
1881 2800 2014 2869 Agr.
2038 2806 2069 2854 3
2099 2771 2359 2870 amemphis
2386 2818 2413 2856 e
2438 2801 2621 2856 media

1493 2873 1609 2926 vita
1654 2876 1733 2926 tot
1778 2872 1971 2937 annia,
2024 2872 2223 2940 quibua
2277 2873 2504 2927 iuvenes
2544 2874 2622 2928 ad

1491 2947 1837 3008 senectutem,
1901 2957 2050 2996 senes
2103 2958 2281 3011 prope
2344 2944 2419 2997 ad
2472 2944 2621 3012 ipsos

1493 3019 1716 3068 emactae
1760 3015 1959 3068 aetatis
2004 3015 2264 3068 terminos
2310 3030 2415 3083 per
2459 3015 2619 3068 silen-

1493 3086 1632 3138 tium
1668 3086 1930 3139 venimus.

1566 3161 1650 3210 94.
1679 3172 1837 3222 nam,
1854 3171 2001 3221 reor,
2030 3156 2229 3223 nullia,
2256 3155 2504 3209 namlich
2534 3155 2618 3210 als

1497 3226 1694 3294 denen,
1732 3226 1945 3281 welche
1981 3226 2062 3279 im
2090 3225 2309 3296 Beginn
2338 3226 2435 3280 des
2465 3227 2618 3280 Grei-

1497 3297 1768 3351 senalters
1823 3297 2061 3352 sterben.
2146 3297 2260 3350 Fur
2314 3297 2393 3351 sie
2451 3297 2617 3351 sollte

1495 3385 1629 3423 man
1673 3368 1878 3437 gerade
1926 3368 2033 3421 den
2072 3366 2195 3421 Tod
2244 3367 2327 3421 als
2378 3368 2471 3422 ein
2507 3368 2618 3421 Un-

1495 3439 1669 3509 gh’ick
1724 3438 1998 3506 ansehen,
2061 3437 2193 3491 weil
2253 3437 2427 3492 ihnen
2476 3437 2620 3507 jetzt

1495 3510 1596 3563 das
1650 3509 1811 3563 Alter
1873 3509 1974 3562 das
2029 3509 2263 3563 hochste
2322 3507 2461 3579 Gut,
2527 3509 2618 3564 die
2683 3505 2692 3513 ’

1492 3579 1783 3648 Weisheit,
1822 3580 2062 3649 bringen
2089 3580 2294 3634 wiirde.

1563 3667 1728 3719 quam
1772 3623 1840 3704 ’ut
1890 3657 2092 3706 cetera:
2152 3651 2314 3739 vgl.
2316 3650 2620 3706 Menander

1481 3721 1572 3775 ’IV
1611 3727 1733 3777 264.
1792 3720 2055 3777 Meineke
2078 3720 2149 3776 εἰ
2183 3743 2213 3776 τ
2276 3718 2399 3775 ἄλλ’
2440 3717 2617 3789 ἀφαι-

1492 3798 1616 3879 ρεῐν
1655 3788 1684 3846 ὁ
1722 3789 1900 3855 πολὺς
1937 3794 2148 3847 εἴωθεν
2181 3789 2381 3861 χρόνος
2409 3787 2616 3862 “Ημῶν,

1491 3859 1558 3917 τό
1597 3882 1660 3932 ’γε
1701 3870 1937 3933 φρονεῖν
1984 3859 2408 3932 ἀσφαλέστερον
2443 3870 2613 3917 ποιεῖ.

1566 3936 1725 3990 modo
1780 3951 2010 4003 puero&
2075 3934 2166 3987 die
2225 3951 2328 3988 vor
2390 3934 2618 3987 kurzem

1494 4007 1642 4060 noch
1679 4006 1917 4061 Knaben
1952 4022 2153 4059 waren.
2225 4003 2337 4058 Der
2365 4005 2506 4058 Vers
2541 4005 2619 4058 ist

1494 4078 1589 4131 ein
1624 4077 2008 4131 trochaischer
2045 4076 2153 4143 Sep
2156 4077 2344 4142 tanat,
2392 4075 2451 4128 in
2488 4075 2618 4129 dem

1483 4164 1692 4217 pueros
1726 4146 2034 4216 zweisilbig
2082 4164 2149 4199 zu
2195 4145 2351 4200 lesen
2395 4146 2487 4199 ist.
2563 4145 2615 4201 S.

1496 4219 1823 4274 Lachmann
1858 4237 1902 4273 Ζ.
1935 4217 2094 4271 Lucr.
2124 4217 2179 4270 II
2213 4234 2268 4285 p.
2302 4222 2420 4271 129.
2486 4216 2617 4287 Vgl.

1493 4308 1540 4343 Ζ.
1579 4290 1644 4346 Τ.
1682 4288 1762 4343 III
1802 4296 1885 4356 19,
1923 4294 1992 4343 44
2030 4289 2201 4343 abiete
2239 4289 2439 4355 crispa.
