2902 4649
321 161 408 226 26
1106 162 1183 217 Μ.
1221 160 1470 217 TULLII
1508 158 1893 216 CICERONIS

320 328 473 389 malo
530 347 668 390 cum
722 328 995 409 Platone,
1050 346 1229 407 quem
1285 336 1352 389 tu
1408 330 1617 407 quanti
1670 328 1853 389 facias
1908 329 2033 389 scio
2098 336 2159 388 et
2215 346 2395 408 quem
2441 345 2516 388 ex
2570 336 2680 389 tuo

230 428 302 479 40
322 435 426 478 ore
473 417 760 499 admiror,
808 436 986 497 quam
1032 436 1170 478 cum
1216 419 1348 478 istis
1385 435 1525 478 vera
1562 419 1805 478 sentire.
1896 416 1982 478 M.
2029 416 2218 479 Macte
2265 416 2515 479 virtute!
2565 435 2678 496 ego

322 508 479 567 enim
539 509 669 587 ipse
730 525 870 568 cum
929 506 1138 567 eodem
1197 508 1315 567 isto
1375 524 1498 566 non
1558 508 1781 568 invitus
1843 508 2185 567 erraverim.
2275 505 2433 566 Num
2494 508 2683 586 igitur

320 592 705 657 dubitamus?
752 614 826 656 an
874 597 1031 657 sicut
1074 595 1361 675 pleraque
1406 628 1496 638 —-
1543 613 1902 675 quamquam
1951 595 2066 655 hoc
2114 594 2357 673 quidem
2402 596 2682 676 minime3

318 684 685 764 persuadent
740 686 900 746 enim
956 685 1384 765 mathematici,
1438 693 1663 746 terram
1716 686 1781 744 in
1835 683 2032 744 medio
2090 684 2312 744 mundo
2369 686 2543 745 sitam
2602 684 2681 745 ad

317 775 586 834 universi
631 773 781 835 caeli
826 773 1183 853 conplexum
1229 775 1399 852 quasi
1448 775 1660 853 puncti
1713 775 1903 833 instar
1962 772 2261 854 obtinere,
2317 773 2477 852 quod
2531 767 2682 835 κέν·-

317 881 484 941 mov
527 862 613 923 illi
659 859 915 923 vocant‘?
961 880 1094 923 eam
1139 880 1319 942 porro
1366 871 1643 924 naturam
1685 879 1818 922 esse
1863 870 2149 942 quattuor
2187 864 2385 923 omnia
2430 865 2677 942 gignen-

320 953 471 1012 tium
518 969 866 1031 corporum‚
912 960 1005 1033 ut,
1053 953 1228 1031 quasi
1268 952 1488 1031 partita
1532 950 1789 1011 habeant
1847 953 2008 1011 inter
2063 969 2128 1011 se
2185 968 2253 1011 ac
2310 951 2496 1011 divisa
2549 969 2677 1012 mo-

319 1047 546 1121 menta,
612 1048 854 1101 terrena
908 1047 970 1101 et
1022 1039 1223 1101 umida
1279 1047 1494 1119 suopte
1551 1048 1701 1100 nutu
1768 1050 1829 1100 et
1888 1057 1999 1100 suo
2053 1039 2320 1119 pondere
2376 1040 2449 1100 ad
2500 1058 2682 1120 pares

319 1128 565 1208 angulos
613 1131 672 1189 in
722 1137 945 1189 terram
991 1137 1054 1209 et
1098 1131 1161 1190 in
1208 1146 1372 1213 mare
1418 1128 1717 1210 ferantur,
1767 1127 2032 1207 reliquae
2080 1128 2232 1189 duae
2277 1138 2508 1210 parteS,
2556 1147 2678 1190 una

318 1219 518 1298 ignea,
564 1217 748 1279 altera
795 1218 1088 1300 animalia,
1135 1225 1204 1278 ut
1248 1217 1382 1278 illae
1425 1219 1771 1297 superiores
1816 1218 1880 1277 in
1927 1217 2193 1278 medium
2229 1216 2430 1278 locum
2467 1217 2681 1279 mundi

317 1308 602 1385 gravitate
642 1307 913 1367 ferantur
959 1315 1020 1367 et
1063 1306 1358 1390 pondere,
1405 1308 1494 1367 sic
1539 1306 1648 1366 hae
1696 1324 1941 1367 rursum
1982 1309 2167 1367 rectis
2210 1306 2386 1367 lineis
2434 1308 2499 1367 in
2544 1325 2678 1367 cae·

317 1394 530 1455 lestem
575 1390 796 1456 locum'
821 1393 1162 1476 subvolent,
1219 1396 1341 1456 sive
1388 1397 1517 1475 ipsa
1563 1401 1777 1469 natura
1822 1397 2134 1475 superiora
2180 1394 2496 1475 adpetente
2544 1398 2669 1457 sive

321 1483 480 1562 quod
517 1502 549 1543 a
586 1484 958 1563 gravioribus
995 1483 1216 1545 leviora
1252 1491 1466 1545 natura
1503 1480 1915 1564 repellantur?
1997 1483 2162 1554 Quae
2201 1502 2340 1545 cum
2377 1492 2675 1566 constent,

322 1574 712 1652 perspicuum
767 1573 946 1634 dehet
1000 1591 1133 1634 esse
1189 1575 1416 1633 animos
1426 1621 1444 1655 ,
1509 1590 1649 1634 cum
1705 1591 1737 1633 e
1794 1568 2047 1652 corpore
2104 1575 2498 1654 excesserint,
2553 1575 2679 1635 sive

230 1672 299 1720 41
321 1660 409 1721 illi
453 1663 573 1722 sint
618 1662 926 1744 animales,
973 1662 1034 1722 id
1081 1671 1174 1723 est
1219 1661 1534 1742 spirabiles
1544 1710 1563 1744 ,
1624 1662 1747 1722 sive
1803 1663 1991 1742 ignei,
2050 1659 2303 1723 sublime
2358 1662 2520 1723 ferri.
2613 1661 2683 1724 Si

319 1767 460 1810 vero
508 1758 610 1811 aut
655 1768 944 1812 numerus
992 1750 1234 1830 quidam
1280 1759 1372 1811 est
1417 1752 1679 1831 animuS,
1728 1751 1887 1830 quod
1934 1750 2235 1826 subtiliter
2272 1753 2457 1831 magis
2496 1769 2679 1831 quam

320 1837 578 1899 dilucide
639 1839 886 1920 dicitur,
948 1848 1050 1901 aut
1111 1834 1316 1919 quinta
1375 1837 1476 1900 illa
1534 1858 1655 1900 non
1717 1841 2018 1900 nominata
2077 1841 2265 1919 magis
2320 1858 2499 1919 quam
2555 1859 2679 1902 non

390 2007 458 2047 ex
494 1997 590 2047 tuo
625 2008 743 2060 ore,
793 1992 964 2047 ‘nach
1007 1991 1210 2049 deinen
1243 1991 1442 2047 Ausse-
1553 2009 1720 2062 μησιν
1772 1983 1889 2075 ὦὸς
1947 1989 2125 2062 ἔχειν,
2181 1990 2359 2063 μέσην
2411 1988 2515 2063 τὴν
2570 1994 2683 2082 γᾶν

317 2064 578 2132 rungen'.
655 2063 707 2120 S.
747 2063 894 2120 Einl.
924 2069 955 2128 ἓ
985 2069 1054 2118 23
1092 2065 1211 2120 ιι-Ι
1239 2070 1326 2132 21,
1353 2069 1443 2120 49.
1552 2063 1790 2131 κέντρου
1826 2067 1997 2132 λογον
2038 2061 2381 2135 ἐπέχουσαν,
2423 2059 2565 2135 μεθ’
2604 2086 2684 2134 ην

389 2140 476 2190 40.
515 2136 695 2190 eodem
728 2136 864 2191 isto:
919 2134 1010 2191 die
1047 2135 1210 2190 Hdss.
1259 2135 1444 2190 haben
1552 2130 1616 2188 τὸ
1654 2127 1813 2204 ὕδωρ
1845 2134 2231 2204 σφαιροειδές,
2271 2132 2401 2206 ἔχον
2437 2133 2501 2191 τὸ
2534 2131 2681 2192 αὐτὸ

318 2208 520 2290 eodem·
551 2207 700 2275 ipse,
757 2207 893 2262 aber
944 2205 1125 2261 neben
1174 2207 1317 2261 idem
1354 2205 1447 2289 ‘ist
1551 2203 1788 2294 ξιξντρον
1824 2205 1892 2277 τῇ
1931 2207 2004 2277 γῇ
2043 2236 2113 2295 7-
2140 2202 2281 2277 μετά
2320 2205 2384 2262 τὸ
2422 2201 2578 2279 ὕδωρ
2618 2203 2680 2262 δ’

317 2293 436 2404 :11:55
471 2294 564 2404 3¹1?
581 2276 1445 2419 ffintvssvtgffisczlffiifflzichdgllegcffl
1552 2272 2267 2431 oesgmffagfflffiffevaae
2328 2349 2683 2421 griechische

320 2420 454 2474 falls
515 2421 900 2475 verdorbenen
964 2419 1139 2475 Stelle
1195 2419 1352 2475 Verr.
1417 2421 1445 2473 I
1551 2419 1721 2475 Wort
1774 2436 1892 2475 war
1943 2436 2011 2473 zu
2067 2418 2289 2476 Ciceros
2345 2422 2469 2477 Zeit
2530 2424 2683 2479 noch

319 2495 417 2559 28,
477 2497 541 2547 71
601 2490 658 2547 G.
719 2491 899 2546 Varro
956 2511 1033 2531 —-·
1076 2492 1209 2546 haee
1261 2492 1446 2546 eadem
1552 2489 1713 2545 nicht
1746 2490 2157 2561 eingebiirgert.
2196 2522 2264 2534 -
2301 2493 2405 2559 ad,
2441 2492 2523 2548 im
2539 2492 2682 2549 Ver·

318 2564 446 2631 ipsa
480 2579 536 2617 se
569 2578 638 2617 ex
668 2561 1001 2618 Philodamo
1039 2563 1260 2618 audisse
1294 2563 1447 2632 dicat
1552 2560 1766 2616 hii-ltnis
1802 2580 1886 2616 zu.
2503 2611 2510 2620 .

317 2634 509 2690 findet.
1451 2664 1457 2669 -
1624 2634 1814 2688 omnia
1847 2634 2190 2704 yiynentium
2226 2651 2403 2703 corp„
2441 2653 2483 2691 s.
2522 2640 2554 2701 ξ
2588 2642 2682 2694 22.

389 2722 525 2760 num
562 2736 630 2745 —
662 2705 951 2775 pleraque.-
1006 2704 1155 2760 ‘Wir
1190 2704 1447 2760 zweifeln
1624 2710 1892 2759 momenta
1908 2745 1926 2771 ,
2062 2703 2683 2777 ‘Bewegungsgesetze‚

319 2776 467 2831 doch
500 2775 662 2831 nicht
709 2780 882 2845 etwa,
940 2776 1075 2831 oder
1129 2776 1310 2832 sollen
1344 2775 1449 2831 wir
1555 2774 1955 2846 Richtungen'.
2002 2782 2175 2831 nutus
2212 2776 2289 2831 ist
2324 2777 2424 2832 das
2462 2776 2685 2848 cigent-

320 2849 469 2901 etwa.
506 2847 591 2901 als
627 2845 1010 2902 Akademiker
1044 2847 1151 2902 wie
1197 2864 1272 2901 an
1316 2847 1448 2902 dem
1554 2847 1705 2902 liche
1741 2847 1930 2914 Wort,
1982 2864 2095 2902 von
2140 2847 2268 2901 dem
2307 2848 2545 2905 Streben
2581 2850 2685 2905 der

319 2917 586 2984 Meisten,
640 2934 702 2972 so
740 2918 888 2972 auch
933 2918 1130 2972 hieran
1173 2918 1445 2984 zweifeln‚
1554 2918 1848 2973 Elemente
1885 2934 2014 2972 zum
2050 2918 2454 2988 Mittelpunkte
2493 2921 2565 2975 de
2600 2937 2683 2978 or.

321 2987 583 3058 obgleich
601 2988 721 3043 dies
739 2988 964 3044 freilich
976 2988 1446 3044 mathematische
1553 2989 1636 3043 111
1670 2994 1739 3043 45
1754 3030 1768 3056 ,
1809 2993 1912 3044 178
1948 2995 2098 3044 terra
2141 2994 2207 3043 ut
2247 2992 2429 3047 media
2472 2993 2547 3047 sit
2590 3008 2685 3048 ea-

322 3057 653 3114 Gewil'sheit
714 3059 858 3117 hat'.
930 3077 1066 3114 num
1113 3090 1180 3099 -—
1231 3077 1311 3116 an
1369 3060 1448 3114 ist
1554 3077 1656 3130 que
1672 3061 1731 3114 vi
1755 3076 1862 3115 sua
1878 3066 2125 3130 nutuque
2143 3066 2407 3119 teneamr.
2438 3063 2507 3117 de
2527 3063 2682 3119 deor.
2727 3100 2736 3103 ‚

320 3130 441 3185 also
497 3128 656 3186 nicht
709 3131 794 3184 als
843 3129 1225 3201 Doppelfrage
1276 3147 1444 3186 anzu—
1552 3150 1607 3185 n.
1646 3131 1699 3185 ΙΙ
1737 3137 1806 3185 39
1819 3172 1833 3198 ,
1871 3136 1939 3186 98
1994 3138 2145 3188 terra
2180 3163 2249 3172 —
2287 3135 2517 3189 nutibus
2558 3136 2685 3190 suis

319 3202 520 3269 seben,
587 3220 629 3256 s.
675 3220 719 3256 z.
757 3206 789 3267 ξ
826 3206 913 3257 50.
970 3233 1038 3242 —-
1093 3200 1252 3256 Nach
1317 3201 1447 3256 dem
1555 3203 1901 3272 conolobata.'

318 3272 701 3343 begeisterten
717 3271 871 3328 Lobe
890 3272 1088 3328 Platos
1117 3272 1285 3328 sollte
1313 3289 1447 3327 man
1625 3274 1701 3329 ad
1752 3290 1922 3343 pares
1987 3275 2244 3344 angulos,
2326 3274 2512 3331 sodal’s
2586 3275 2683 3332 die

320 3347 622 3411 erwarten,
660 3342 781 3399 dass
818 3343 931 3401 Cic.
968 3344 1066 3399 der
1091 3344 1313 3400 Platon.
1342 3345 1449 3399 Be·
1553 3343 1856 3399 Falllinien
1890 3345 2113 3415 gleiche
2151 3346 2205 3400 d.
2233 3346 2270 3403 i.
2298 3346 2492 3402 rechte
2521 3345 2683 3401 Win-

319 3415 486 3470 weise
532 3415 623 3469 fiir
659 3415 749 3470 die
796 3414 1278 3470 Unsterblichkeit
1323 3415 1446 3470 sich
1553 3415 1650 3471 kel
1702 3415 1897 3471 bilden
1912 3459 1926 3485 ,
1985 3416 2105 3471 also
2162 3417 2486 3487 senkrecht,
2550 3417 2683 3474 das-

318 3485 598 3540 bedienen
650 3486 853 3541 wiirde.
926 3485 1199 3557 Dagegen
1253 3486 1447 3557 fulgen
1553 3486 1708 3542 solbe
1743 3486 1852 3542 wie
1887 3488 2049 3542 rectis
2084 3488 2262 3543 lineis.
2365 3519 2368 3526 ·

318 3556 408 3611 bis
446 3573 493 3611 c.
531 3562 600 3610 23
640 3556 881 3612 stoische
919 3557 1184 3613 Beweise.
1593 3574 1846 3616 ,rw-suan
1894 3584 1963 3605 ==
2014 3564 2210 3615 contra
2281 3565 2377 3628 20,
2440 3565 2527 3616 45.
2601 3561 2687 3616 111

390 3632 593 3682 terram
629 3630 734 3682 cet.
791 3626 905 3682 Der
922 3629 1080 3695 Satz,
1113 3628 1213 3683 der
1230 3628 1446 3699 eigent·
1557 3633 1651 3695 15,
1690 3635 1774 3683 33.

317 3697 435 3753 lich
455 3715 566 3754 von
592 3699 909 3754 dubitamus
932 3700 1231 3771 abhangen
1259 3700 1444 3767 sollte,
1624 3706 1712 3753 41.
1748 3716 2035 3756 numerus:
2073 3719 2115 3756 s.
2149 3707 2243 3770 10,
2272 3707 2361 3757 20.
2433 3701 2539 3757 Die
2566 3702 2684 3758 De-

317 3768 397 3823 ist
430 3786 542 3824 von
587 3769 687 3824 der
721 3769 1063 3825 Pal-entheae
1106 3772 1444 3838 persuadent
1551 3771 1771 3825 finition
1807 3771 1907 3826 der
1935 3772 2095 3827 Seele
2123 3773 2209 3827 als
2237 3771 2379 3827 Zahl
2416 3772 2680 3829 hindei-te

319 3841 612 3910 abhangig
647 3841 927 3910 gemacht.
1004 3841 1058 3896 S.
1096 3847 1191 3907 36,
1221 3847 1308 3897 88.
1372 3842 1444 3897 de
1551 3841 1899 3897 Xenokrates
1934 3842 2119 3907 nicht,
2155 3844 2248 3898 ihr
2285 3842 2377 3899 die
2404 3843 2683 3913 Mcglich-

319 3911 410 3968 off.
441 3913 468 3966 Ι
500 3917 593 3981 10,
621 3917 691 3966 33
725 3912 815 3967 Ne
848 3918 1030 3968 noster
1064 3913 1283 3981 quidem
1310 3929 1445 3981 pro-
1553 3914 1675 3967 keit
1708 3913 1860 3968 eines
1908 3931 2042 3970 vom
2079 3914 2296 3985 Korper
2339 3915 2683 3985 getrennten

320 3984 564 4049 bandus,
615 3985 667 4038 si
719 4000 906 4039 verum
960 3989 1037 4039 est
1087 3983 1149 4054 Q.
1198 3984 1446 4040 Fabium
1553 3984 1789 4039 Daseins
1818 3987 2244 4055 zuzugestehen.
2290 3985 2461 4042 Arist.
2482 3985 2554 4040 de
2582 4002 2678 4044 an.

319 4053 627 4110 Labeonem
663 4057 769 4112 cet.
842 4055 922 4110 lb.
962 4061 1019 4122 7,
1049 4059 1118 4109 22
1157 4060 1346 4124 atque,
1380 4061 1446 4111 ut
1554 4058 1581 4111 Ι
1618 4073 1665 4111 c.
1703 4062 1786 4110 4a.
1820 4055 1885 4110 Ε.

309 4127 496 4195 placet
549 4125 777 4193 Stoicis,
832 4143 972 4196 quae
1024 4127 1090 4180 in
1143 4128 1307 4182 terris
1362 4128 1445 4198 yi-
1622 4143 1738 4183 non
1797 4129 2086 4183 minata
2144 4144 2214 4182 m.
2270 4146 2319 4197 q.
2382 4143 2499 4183 non
2555 4128 2692 4196 int„

318 4202 568 4267 quantur
621 4198 697 4253 ad
748 4214 911 4252 usum
956 4229 1024 4238 —
1062 4198 1256 4253 creari.
1331 4197 1447 4253 Far
1556 4198 1740 4253 ‘mehr
1774 4198 2101 4253 unbenannt
2125 4198 2210 4254 als
2235 4200 2398 4255 nicht
2424 4202 2690 4257 varstan-

320 4268 428 4323 den
475 4267 784 4323 Gedanken
828 4270 942 4340 vgl.
991 4267 1156 4355 Diog.
1195 4268 1301 4323 VII
1342 4274 1444 4324 155
1552 4269 1705 4326 den’.
1776 4268 1829 4324 S.
1859 4275 1891 4336 ξ
1920 4276 1987 4325 22
2014 4286 2221 4325 vacam
2246 4272 2481 4326 nomine.
2550 4269 2691 4327 Cra.-

317 4334 548 4410 ἀρέσκει
587 4335 645 4394 δ’
686 4335 880 4405 αὐτοῖς
925 4340 1024 4396 καὶ
1069 4361 1177 4410 την
1213 4337 1446 4396 ὃιακόσ-
1552 4358 1673 4396 mer
1725 4341 1934 4396 Anecd.
1990 4358 2173 4412 graec.
2220 4342 2247 4395 I
2282 4360 2337 4411 p.
2377 4348 2481 4397 335
2538 4342 2693 4398 wird
