2902 4649
290 160 376 225 20
1073 158 1148 216 M.
1187 158 1436 215 'runnu
1474 150 1863 213 CICERONIS

611 333 722 387 aut
764 325 1000 405 se'mper
1048 329 1317 400 aliquam
1364 326 1575 388 mo'lem-
1620 322 1968 386 meditabar
2014 328 2184 399 mali,

611 422 704 492 ut,
751 412 811 476 si
853 433 976 490 qua
1025 418 1267 476 invecta
1314 413 1539 476 diritas
1586 414 1736 477 casa
1778 414 1970 490 foret,

610 524 687 566 ne
733 522 826 565 me
872 502 1226 581 inparatum
1273 502 1431 565 cara
1479 503 1794 565 lacerare't
1838 522 2074 581 repens,

205 626 276 675 30
300 611 470 685 Quod
518 619 715 673 autem
766 610 1039 671 Theseus
1086 628 1118 669 a
1166 609 1341 672 docto
1389 628 1455 670 se
1502 610 1738 671 audisse
1788 610 1955 690 dicit,
2016 609 2076 670 id
2132 609 2206 669 de
2263 628 2327 670 se
2381 610 2512 689 ipso
2567 607 2659 668 lo-

297 703 502 780 quitur
548 699 885 779 Euripides,
976 699 1197 760 Fuerat
1253 702 1412 759 enim
1470 699 1705 761 auditor
1750 699 2157 779 Anaxagorae,
2215 715 2392 777 quem
2449 699 2664 758 ferunt

293 791 563 850 nuntiata
610 797 802 850 morte
850 788 956 849 filii
1002 788 1222 850 dixisse
1271 783 1556 848 ‘sciebam
1594 807 1687 848 me
1725 790 2004 867 genuisse
2042 782 2392 847 mortalem'.
2486 786 2659 857 Quae

293 898 406 940 vox
464 878 724 940 declarat
778 879 853 938 iis
911 896 1042 938 esse
1106 877 1254 938 haec
1314 877 1554 958 acerba,
1622 876 1838 957 quibus
1904 895 2025 938 non
2090 878 2314 938 fuerint
2377 878 2659 954 cogitata.

294 962 453 1048 Ergo
512 967 572 1028 id
628 966 871 1047 quidem
925 984 1045 1027 non
1101 965 1375 1046 dubium,
1442 969 1586 1045 quin
1644 968 1866 1048 omnia,
1932 984 2083 1045 quae
2138 966 2290 1026 mala
2344 973 2661 1046 putentur,

296 1059 418 1117 sint
461 1057 762 1137 inprovisa
809 1057 1096 1134 graviora.
1188 1054 1392 1134 Itaque
1441 1074 1798 1134 quamquam
1847 1073 1964 1116 non
2011 1055 2158 1116 haec
2216 1073 2333 1115 una
2378 1072 2476 1115 res
2522 1054 2657 1114 effi-

298 1148 382 1206 cit
426 1147 740 1205 maximam
788 1142 1250 1225 aegritudinem,
1297 1152 1497 1205 tamen
1535 1147 1813 1224 quoniam
1862 1144 2116 1205 multum
2152 1152 2352 1224 potest
2388 1144 2659 1223 provisio

296 1236 477 1295 animi
526 1243 585 1295 et
630 1236 1003 1313 praeparatio
1059 1232 1131 1293 ad
1188 1232 1580 1294 minuendum
1636 1233 1930 1315 dolorem,
1986 1236 2108 1294 sint
2163 1251 2399 1312 semper
2454 1235 2663 1293 omnia

294 1323 523 1383 homini
568 1323 825 1384 humana
871 1322 1168 1384 meditata.
1259 1321 1336 1383 Et
1380 1325 1665 1383 nimirum
1719 1323 1865 1383 haec
1924 1330 2017 1383 est
2070 1322 2168 1383 illa
2223 1329 2529 1402 praestans
2594 1330 2663 1383 et

297 1412 495 1472 divina
543 1413 858 1492 sapientia,
919 1419 979 1472 et
1024 1420 1338 1491 perceptas
1387 1413 1626 1491 penitus
1673 1421 1733 1473 et
1778 1419 2169 1490 pertractatas
2217 1429 2314 1471 res
2362 1410 2661 1471 humanas

296 1500 543 1579 habere,
603 1499 751 1560 nihil
808 1500 1087 1561 admirari
1143 1519 1282 1561 cum
1338 1500 1650 1579 acciderit,
1707 1500 1854 1561 nihil
1910 1510 2074 1582 ante,
2132 1518 2307 1579 quam
2365 1501 2659 1582 evenerit,

297 1607 416 1651 non
465 1591 703 1650 evenire
750 1608 926 1668 posse
974 1589 1269 1651 arbitrari.

395 1698 588 1768 Quam
644 1697 719 1757 ob
774 1713 901 1757 rem
959 1695 1186 1770 o'mneS,
1244 1713 1380 1756 cum
1436 1694 1746 1757 secandae
1799 1714 1900 1756 res
1953 1702 2098 1756 sunt
2150 1693 2459 1767 maxume,
2527 1700 2663 1755 tum

1577 1782 1863 1845 maxume

388 1871 678 1935 meditari
719 1891 924 1934 secum
972 1873 1232 1949 opo'rtet,
1280 1891 1397 1947 quo
1436 1880 1624 1950 pacto
1663 1871 1986 1935 adversam
2024 1869 2382 1950 aerumnam
2422 1871 2664 1948 ferant.

391 1960 666 2038 Ρενίεῖα,
715 1965 941 2023 damna
980 1960 1248 2038 pe'reqre
1293 1964 1539 2023 rediens
1584 1961 1821 2039 se'mper
1865 1979 2071 2023 seeum
2117 1962 2364 2036 coquet,

391 2059 502 2113 aut
538 2049 644 2127 fia·
677 2057 1004 2129 peccatum
1051 2049 1162 2112 avit
1206 2055 1422 2112 uxoris
1468 2052 1720 2113 martem
1768 2058 1878 2112 aut
1922 2053 2194 2112 morbum
2234 2047 2441 2125 filiae:

388 2139 735 2203 commania
782 2159 912 2202 esse
958 2142 1139 2215 haee,
1189 2139 1280 2201 πό
1328 2143 1481 2215 quid
1530 2143 1749 2201 horum
1804 2157 2088 2215 umquam
2146 2137 2396 2200 accidat
2451 2140 2664 2200 animo'

1577 2246 1823 2290 novum.-

196 2380 280 2447 15
388 2316 685 2395 quicquid
719 2324 977 2396 praeter
1022 2336 1185 2394 spem
1234 2316 1498 2391 eve'niat,
1546 2336 1719 2379 omne
1757 2321 1825 2379 id
1859 2316 2159 2394 deputare
2195 2335 2324 2378 esse
2360 2312 2424 2377 in
2461 2319 2663 2378 lucro.

213 2461 278 2509 31
301 2426 461 2503 Ergo
507 2424 621 2485 hoc
668 2424 988 2486 Terentius
1057 2441 1089 2482 a
1152 2422 1524 2503 philosophia
1591 2433 1895 2503 sumptum
1961 2442 2096 2485 cum
2163 2432 2280 2485 tam
2348 2423 2662 2485 commode

302 2515 543 2594 dixerit,
592 2531 728 2595 noS,
776 2531 809 2572 e
857 2530 1113 2591 quorum
1160 2511 1423 2572 fontibus
1477 2514 1537 2574 id
1584 2513 1863 2574 haustum
1919 2522 2037 2593 est,
2095 2531 2213 2574 non
2273 2520 2333 2573 et
2388 2511 2662 2573 dicemus

300 2603 414 2664 hoc
471 2602 683 2664 melius
742 2608 803 2662 et
858 2602 1228 2662 constantius
1276 2598 1649 2664 sentiemus?
1740 2600 1850 2663 Hi'c
1906 2610 2007 2671 ‚est
2072 2604 2232 2663 enim
2295 2600 2393 2662 ille
2460 2600 2663 2662 voltus

302 2711 539 2772 semper
576 2691 760 2772 idem,
809 2694 986 2769 quem
1026 2690 1245 2751 dicitur
1284 2688 1619 2770 Xanthippe
1658 2691 2000 2770 praedicare
2040 2690 2211 2751 solita
2256 2692 2321 2750 in
2368 2692 2493 2751 viro
2542 2708 2660 2751 suo

372 2847 587 2899 invecta
606 2846 808 2899 diritas
827 2860 961 2898 casu
981 2869 1049 2888 =
1069 2845 1229 2899 dirus
1250 2860 1424 2899 casus,

371 2932 562 2984 repens
614 2940 681 2960 =
733 2915 1079 2982 repentinas,
1135 2915 1243 2969 mit
1296 2914 1426 2969 dem

299 2985 669 3055 Participium
724 3001 836 3040 von
889 2991 1076 3054 repere
1141 2986 1301 3040 nieht.
1359 3004 1428 3040 zu

300 3056 696 3113 verwechseln.
1194 3086 1198 3090 -

374 3134 461 3183 30.
499 3130 903 3198 Anaxayorae:
940 3145 980 3181 s.
1022 3146 1065 3181 z.
1105 3128 1131 3181 Ι
1170 3133 1266 3197 43,
1307 3135 1425 3186 104.

302 3200 415 3256 Der
445 3197 678 3253 Einflul's
708 3198 889 3252 seiner
914 3197 1096 3252 Lehre
1124 3199 1276 3269 zeigt
1304 3201 1425 3255 sich

300 3271 549 3327 vielfach
594 3270 655 3324 in
690 3268 1003 3338 Euripides'
1044 3268 1291 3325 Stiicken
1338 3288 1423 3327 so-

302 3343 452 3398 wohl
487 3342 547 3396 in
584 3342 770 3411 Bezug
818 3340 919 3396 auf
950 3339 1041 3394 die
1079 3342 1286 3410 MoraI,
1339 3342 1424 3397 als

299 3414 361 3469 in
396 3414 613 3483 Fragen
650 3413 788 3468 iiber
816 3412 907 3467 die
938 3412 1119 3467 Natur
1146 3413 1262 3467 und
1289 3413 1423 3468 Ent-

304 3485 547 3553 stehung
585 3482 685 3538 der
713 3483 883 3538 Welt.
958 3483 1072 3538 Der
1099 3486 1425 3555 Ausspruch

301 3556 536 3611 sciebam
573 3556 677 3609 cet.
716 3554 857 3611 wird
904 3553 1091 3610 ausser
1126 3558 1423 3626 Anaxago-

300 3643 395 3680 ras
431 3625 577 3681 noch
613 3625 908 3680 manchem
946 3626 1190 3682 anderen
1234 3625 1424 3696 beige-

302 3698 441 3767 legt.

374 3770 507 3823 haec
541 3784 653 3833 res,
699 3766 798 3820 der
834 3766 1136 3837 Umstand,
1177 3769 1424 3824 namlich

306 3841 408 3895 das
445 3839 848 3895 Unerwartete.

375 3912 697 3975 meditatae,
746 3907 1060 3977 passivisch
1097 3910 1425 3980 gebraucht,

302 3981 409 4036 wie
463 3982 693 4050 adeptus
703 4020 720 4046 ,
788 3981 1051 4048 opinatus
1109 3981 1224 4035 und
1279 3983 1425 4036 viele

302 4050 608 4121 Participia.
625 4050 869 4106 Pei-fecti
895 4068 1007 4105 von
1034 4051 1425 4122 Deponentien

303 4123 400 4178 bei
439 4122 650 4178 Cicero.

378 4194 522 4248 nihil
562 4195 864 4249 admirari.-
917 4191 1045 4247 Alle
1102 4193 1424 4264 damaligen

304 4264 923 4334 Philosophenschulen
957 4265 1156 4320 hatten
1193 4266 1292 4320 das
1323 4266 1423 4320 Be-

305 4337 556 4406 streben,
586 4337 696 4392 den
724 4335 1030 4393 Menschen
1058 4337 1424 4407 unabhangig

1535 2843 1909 2900 hinzustellen
1947 2862 2060 2899 von
2097 2845 2205 2899 den
2242 2843 2496 2899 ausseren
2520 2843 2663 2898 Din-

1536 2932 1662 2985 gen.
1736 2915 1984 2971 Deshalb
2035 2916 2159 2986 galt
2209 2916 2293 2975 als
2343 2915 2666 2984 Hauptsatz

1537 2987 1637 3040 der
1704 2986 2068 3056 praktischen
2122 2985 2512 3056 Philosophie‚
2566 2986 2664 3041 die

1536 3057 1718 3128 Dinge
1774 3058 1922 3112 nach
1974 3058 2158 3111 ihrem
2195 3057 2425 3112 wahren
2461 3055 2665 3111 Werte

1537 3147 1605 3182 zu
1642 3129 1933 3197 achat-zen,
1985 3128 2036 3184 d.
2075 3129 2130 3184 h.
2168 3127 2354 3183 nichts
2399 3127 2507 3182 mit
2550 3127 2664 3183 Be-

1535 3199 1730 3323 giefide
1750 3202 2132 3326 anzustasslnen
2146 3200 2260 3254 und
2279 3199 2454 3325 {ui-ch
2469 3198 2666 3254 nichts

1536 3288 1614 3324 su:
1721 3288 1793 3325 au
1819 3287 1906 3326 ser
2012 3288 2221 3340 assung
2326 3286 2525 3340 rmgen
2593 3289 2666 3325 zu

1533 3342 1735 3396 lassen.
1810 3341 1941 3397 Hor.
2000 3359 2086 3411 ep.
2142 3342 2169 3396 Ι
2218 3347 2276 3410 6,
2329 3348 2356 3395 1
2415 3340 2521 3396 Nil
2558 3343 2664 3397 ad-

1532 3415 1734 3468 mirari
1759 3430 1936 3482 prope
1982 3429 2067 3469 res
2111 3418 2188 3468 est
2223 3429 2367 3479 una,
2405 3411 2662 3480 Numici,

1533 3486 1753 3610 {oletque
1787 3502 1927 3554 quae
1954 3485 2134 3555 possit
2158 3484 2338 3551 faeere
2365 3489 2416 3539 et
2439 3499 2667 3539 servare

1568 3562 1763 3610 eatam.

1533 3697 1587 3750 Π
1609 3627 1992 3751 Quamobrem:
2029 3644 2129 3681 aus
2167 3627 2391 3683 Terent.
2428 3627 2661 3684 Phorm.

1607 3741 1896 3838 deputare:
1935 3770 2033 3824 der
2062 3769 2312 3824 Infinitiv
2341 3770 2522 3840 biiugi:
2546 3786 2662 3825 von

1535 3847 1741 3911 oportet
1778 3841 1869 3897 ab.

1605 3911 1746 3981 Καρ.
1778 3912 1874 3968 15.
1933 3917 2019 3966 31.
2056 3913 2234 3967 voltus
2259 3927 2465 3980 semper
2492 3911 2659 3978 idem,

1535 3982 1625 4037 die
1691 3982 2215 4053 Gleichmassigkeit
2287 3982 2386 4038 der
2447 3982 2660 4040 Miene.

1534 4054 1604 4107 de
1642 4053 1731 4110 off.
1772 4054 1798 4107 Ι
1834 4060 1929 4123 26,
1968 4060 2037 4109 90
2065 4055 2361 4123 praeclara
2397 4058 2474 4109 est
2510 4055 2660 4109 enim

1531 4126 1898 4194 aequabilitas
1941 4127 2005 4180 in
2051 4127 2201 4181 omm‘
2244 4127 2362 4180 vita
2410 4129 2462 4180 et
2511 4125 2662 4180 idem

1530 4213 1734 4266 semper
1769 4198 1968 4252 vultus.
2256 4212 2297 4251 «ι

1608 4268 1959 4337 Xanthippe.-
2015 4268 2168 4329 Stob.
2223 4267 2341 4323 flor.
2397 4272 2528 4336 108,
2589 4274 2657 4323 ’17

1523 4333 1595 4392 Ἡ
1626 4340 1945 4407 Ξανθίππη
1985 4337 2125 4409 ἔφη,
2163 4340 2378 4409 μυρίων
2410 4341 2658 4409 μεταβο·
2762 4352 2771 4357 “
