2902 4649
215 1391 304 1517 ἓξ

237 2310 305 2362 57

322 143 412 208 80
1100 144 1176 198 M.
1216 143 1462 198 TULLII
1501 104 1888 198 cicsnonis

320 310 725 392 Pythagoran,
780 309 1215 390 Democritum,
1266 309 1593 371 Platonem.
1688 306 1888 380 Quid?
1946 328 2050 370 vos
2116 309 2312 370 studia
2374 308 2688 370 libidinem

322 396 591 461 vocatis?
636 418 788 478 quae
845 397 939 459 vel
994 401 1355 478 optimarum
1410 416 1640 479 rerum,
1696 407 1765 459 ut
1821 417 1889 459 ea
1945 408 2113 479 sunt,
2170 416 2322 477 quae
2380 399 2690 479 profertiS,

323 488 526 550 sedata
588 496 786 550 tamen
851 496 913 548 et
975 486 1291 567 tranquilla
1358 506 1491 548 esse
1551 486 1789 548 debent.
2058 487 2183 548 Iam
2243 486 2688 566 aegritudinem

321 577 590 658 laudare,
637 595 816 638 unam
863 595 989 637 rem
1036 579 1288 638 maxime
1336 575 1773 657 detestabilem,
1821 595 2079 660 quorum
2127 585 2219 637 est
2265 577 2504 637 tandem
2551 575 2686 656 phi-

320 663 751 746 losophorum?
842 666 917 727 At
963 665 1270 725 commode
1317 665 1467 727 dixit
1512 666 1824 727 Afranius:

646 772 803 834 Dum
850 775 1025 854 modo
1073 774 1278 833 doleat
1321 770 1582 846 aliquid,
1633 774 1838 832 doleat
1881 768 2237 847 quidlubet.·

320 880 483 940 Dixit
520 882 681 940 enim
717 879 789 939 de
829 878 1209 939 adulescente
1252 877 1486 957 perdito
1535 896 1601 938 ac
1650 877 1967 958 dissolut03
2016 896 2126 939 nos
2173 887 2372 939 autem
2420 877 2492 939 de
2544 895 2687 939 con·

323 971 503 1030 stanti
551 970 677 1028 viro
734 986 801 1028 ac
857 969 1111 1046 sapienti
1166 968 1526 1045 quaerimus,
1618 965 1696 1026 Et
1757 966 1996 1045 quidem
2058 969 2248 1046 ipsam
2307 966 2466 1027 illam
2526 969 2681 1027 iram

323 1060 597 1119 centurio
634 1056 848 1117 habeat
884 1064 985 1117 aut
1024 1056 1269 1134 signifer
1315 1055 1407 1116 vel
1456 1057 1669 1135 ceteri,
1716 1055 1789 1115 de
1838 1054 2056 1134 quibus
2102 1055 2222 1116 dici
2269 1074 2387 1115 non
2437 1073 2689 1116 necesse

324 1155 443 1228 est,
502 1165 576 1207 ne
623 1146 938 1206 rhetorum
992 1146 1328 1223 aperiamus
1383 1146 1682 1223 mysteria.
1774 1142 1930 1204 Utile
1993 1151 2086 1204 est
2145 1146 2304 1205 enim
2366 1147 2454 1205 uti
2518 1152 2691 1204 motu

324 1237 531 1318 animi,
579 1237 683 1314 qui
729 1236 820 1294 uti
865 1236 1093 1293 ratione
1141 1251 1262 1292 non
1309 1240 1533 1312 potest:
1595 1250 1705 1292 nos
1752 1241 1977 1314 autem,
2034 1242 2103 1294 ut
2148 1233 2439 1294 testificor
2486 1250 2688 1313 saepe,

327 1324 401 1384 de
450 1325 719 1403 sapiente
769 1324 1125 1402 quaerimus,

502 1411 579 1471 At
626 1413 803 1471 etiam
849 1409 1133 1485 aemulari
1179 1408 1325 1470 utile
1372 1415 1490 1490 est,
1538 1409 1903 1489 obtrectare,
1950 1410 2240 1470 misereri.
2336 1408 2457 1469 Cur
2505 1412 2687 1470 mise·

324 1518 494 1561 reare
532 1502 733 1580 potius
771 1515 949 1577 quam
987 1498 1144 1557 feras
1182 1516 1387 1579 opem,
1423 1499 1476 1557 si
1511 1498 1570 1558 id
1611 1499 1810 1558 facere
1849 1495 2088 1577 possis?
2152 1498 2242 1558 An
2281 1500 2407 1558 sine
2450 1500 2685 1558 miseri·

325 1588 526 1649 cordia
585 1587 860 1648 liberales
920 1604 1052 1646 esse
1120 1604 1238 1646 non
1298 1582 1662 1665 possumus?
1753 1586 1886 1647 Non
1956 1589 2114 1647 enim
2187 1589 2495 1665 suscipere
2568 1588 2689 1666 ipsi

325 1677 727 1757 aegritudines
769 1683 1016 1756 propter
1063 1673 1208 1734 alios
1255 1673 1571 1754 debemus,
1620 1675 1723 1736 sed
1773 1675 1948 1755 alioS‚
1995 1678 2048 1735 si
2094 1694 2441 1757 possumuS,
2487 1674 2688 1735 levare

325 1765 711 1845 aegritudine.
805 1763 1158 1825 Obtrectare
1223 1781 1365 1823 vero
1432 1764 1605 1824 alteri
1670 1773 1772 1824 aut
1836 1763 1933 1823 illa
1992 1766 2204 1825 vitiosa
2270 1763 2690 1844 aemulatione,

328 1873 478 1933 quae
526 1853 800 1914 rivalitati
846 1850 1057 1912 similis
1103 1860 1221 1931 est,
1279 1852 1563 1912 aemulari
1620 1852 1761 1932 quid
1818 1852 1997 1913 habet
2053 1852 2353 1933 utilitatiS,
2413 1870 2551 1913 cum
2610 1855 2689 1913 sit

326 1942 676 2003 aemulantis
734 1944 870 2020 angi
925 1940 1115 2001 alieno
1172 1939 1358 2021 bono,
1414 1941 1573 2019 quod
1628 1943 1757 2020 ipse
1816 1959 1936 2002 non
1991 1941 2231 2021 habeat,
2291 1941 2687 2002 obtrectantis

327 2039 528 2092 autem
573 2033 710 2109 angi
756 2029 947 2091 alieno
995 2027 1178 2109 bono,
1227 2030 1386 2108 quod
1432 2028 1495 2089 id
1542 2032 1722 2090 etiam
1768 2029 1919 2090 alius
1964 2025 2222 2091 habeat?
2315 2030 2432 2101 Qui
2478 2029 2537 2089 id
2587 2030 2686 2090 ad-

326 2119 567 2198 probari
629 2121 844 2199 possit,
914 2117 1347 2196 aegritudinem
1416 2121 1723 2198 suscipere
1790 2136 1899 2198 pro
1965 2120 2358 2199 experientia,
2425 2120 2474 2179 si
2541 2118 2687 2197 quid

327 2207 546 2269 habere
593 2203 783 2268 velis?
828 2225 965 2267 nam
1012 2205 1206 2267 solum
1251 2206 1470 2267 habere
1519 2206 1666 2268 velle
1717 2225 1946 2268 summa
1993 2206 2292 2268 dementia
2339 2217 2448 2268 est.
2543 2227 2547 2232 ·

505 2295 945 2369 Mediocritates
993 2300 1191 2356 autem
1239 2294 1531 2357 malorum
1580 2298 1715 2376 quis
1752 2295 1993 2357 laudare
2031 2302 2197 2358 recte
2234 2292 2468 2377 possit?
2535 2295 2685 2367 Quis

326 2388 485 2446 enim
530 2392 754 2467 potest,
800 2387 860 2445 in
901 2403 1019 2463 quo
1057 2382 1239 2444 libido
1279 2384 1643 2464 cupiditasve
1693 2388 1788 2465 sit,
1836 2403 1955 2445 non
2001 2384 2358 2446 libidinosus
2403 2392 2464 2447 et
2512 2388 2684 2465 cupi-

1625 2610 1901 2664 aemulari
1930 2640 1995 2649 —-
2025 2578 2347 2676 obtrectare,
2385 2625 2427 2662 s.
2465 2614 2555 2678 20,
2593 2615 2685 2664 46.

396 2609 705 2677 Afranius,
743 2625 786 2663 s.
824 2614 918 2676 20,
956 2613 1043 2662 45.

535 2682 546 2693 ’
905 2678 1013 2733 Ein
1056 2677 1444 2742 ,unsittlicher
1556 2710 1623 2719 —
1650 2681 1792 2735 utile
1827 2686 1932 2746 est,
1966 2680 2217 2735 niimlich
2244 2681 2391 2735 nach
2418 2680 2518 2734 der
2544 2680 2687 2737 Mei-

397 2681 567 2735 Dimt
637 2681 795 2734 enim.

326 2751 583 2818 Mensch‚
648 2751 756 2804 den
811 2750 904 2804 die
957 2749 1236 2805 Vernunft
1288 2750 1448 2803 nicht

327 2822 675 2891 beheri-seht,
704 2820 849 2875 muss
877 2821 1053 2875 durch
1083 2819 1307 2874 Strafen
1332 2821 1447 2874 und

327 2893 750 2947 Bekiimmernis
790 2892 851 2945 in
887 2890 1211 2946 Schranken
1249 2891 1446 2960 gehal—

327 2967 425 3018 ten
473 2963 718 3031 werden3
776 2962 885 3017 den
930 2963 1128 3016 Rohen
1172 2962 1287 3016 und
1333 2963 1445 3016 Un-

369 3033 652 3089 ebildeten
705 3033 880 3088 treibt
935 3034 1074 3086 stati:
1129 3033 1229 3086 der
1274 3018 1447 3087 Uber-

326 3104 659 3230 ergsa
677 3102 1447 3229 Latezfflaeafgfflafazfn

328 3192 519 3302 wZIhre
548 3194 921 3315 8ἰ1ῑ1ῑῖίοὶιὶξθίὺ,
958 3246 1103 3299 noch
1139 3243 1240 3298 der
1275 3245 1449 3299 andro

330 3318 519 3374 wahre
556 3317 887 3389 Tapferkeit
940 3316 1067 3382 hat,
1125 3317 1254 3385 eagt
1304 3317 1450 3369 auch

330 3388 560 3445 Aristot.
615 3389 744 3443 Eth.
802 3386 927 3442 Nic.
984 3387 1065 3442 III
1119 3392 1181 3440 11
1241 3385 1338 3439 καὶ
1395 3383 1456 3440 οἷ

329 3457 627 3544 ἄνξρωποι
671 3456 742 3528 δὴ
792 3454 1149 3545 ὀργιζόμενοι
1194 3454 1301 3545 pbr
1350 3453 1448 3512 022-

330 3549 1024 3656 ⁷2v552’ts‘2‘52-552’ffl305
1065 3526 1449 3655 2220320‘22’50‘52

330 3622 464 3743 μοιιέν,
502 3667 609 3726 οὐκ
644 3621 911 3740 ἄνδρεῖορῖ
936 3621 1061 3726 (ζέει
1214 3620 1327 3669 μαι
1353 3620 1392 3670 μ

401 3760 469 3798 ne
503 3744 803 3809 rhetorum,
838 3742 1051 3797 welche
1081 3742 1304 3807 lehren,
1343 3741 1449 3796 wie

330 3831 464 3869 man
499 3814 589 3868 die
618 3814 820 3882 Menge
848 3812 1147 3868 iiberredet
1180 3812 1299 3866 und
1325 3811 1449 3866 ihre

332 3884 798 3967 Leidenschaften
834 3883 1151 3938 entflammt
1184 3883 1321 3938 oder
1352 3884 1450 3938 be-

403 3997 543 4095 Kap‘.
596 4025 691 4080 26.
766 4029 851 4080 56.
920 4026 998 4078 At
1060 4026 1250 4092 etiam,
1315 4024 1451 4080 aber

331 4096 510 4152 selbst
542 4096 886 4165 Eifersucht,
947 4112 1063 4150 was
1116 4112 1250 4150 man
1304 4094 1453 4150 doch

317 4164 423 4223 ⁴am
452 4166 763 4236 wenigsten
788 4166 1034 4236 glauben
1060 4166 1245 4222 sollte.
1299 4153 1453 4221 Uber

331 4239 527 4293 diesen
574 4237 868 4293 Gebrauch
913 4255 1023 4293 von
1080 4243 1140 4293 at
1184 4238 1351 4293 etiam
1406 4254 1451 4293 s.

331 4308 571 4381 Seyffert
608 4309 721 4365 sch.
759 4309 858 4365 lat.
897 4308 923 4361 I
958 4328 1013 4380 p.
1051 4316 1138 4365 29.

1552 2767 1712 2820 nung
1749 2750 1849 2806 der
1885 2750 2313 2820 Peripatetiker.

1625 2849 1931 2903 rivalitati.-
1976 2848 2035 2902 in
2071 2847 2440 2903 klassischem
2478 2849 2682 2903 Latein

1551 2918 1778 2974 bezieht
1817 2920 1937 2974 sich
1985 2920 2087 2974 das
2124 2919 2290 2974 Wort
2333 2919 2535 2974 immor
2578 2938 2686 2975 nur

1555 2989 1659 3044 auf
1681 2989 1781 3044 das
1802 2989 2126 3046 Verhffltnis
2156 2990 2256 3045 der
2284 2990 2338 3043 N
2339 2991 2686 3045 ebenbuhler

1554 3060 1648 3114 bei
1683 3061 2096 3116 Liebschaften.

1627 3158 2006 3213 obtrectantis.-
2044 3158 2156 3213 Cic.·
2193 3159 2298 3213 hat
2333 3159 2457 3214 hier
2483 3159 2604 3213 und
2634 3164 2685 3226 8,

1559 3233 1626 3283 18
1664 3230 1982 3284 obtrectatio
2019 3234 2096 3285 est
2121 3246 2213 3295 ea,
2249 3247 2413 3299 quam
2445 3231 2690 3300 intelleyi

1556 3299 1677 3354 volo
1732 3302 2071 3369 ζηλοτυπίαν
2140 3300 2250 3356 den
2302 3299 2524 3372 Begriff
2571 3318 2686 3356 von

1557 3371 1856 3426 obtrectare
1913 3371 2074 3426 nicht
2125 3388 2313 3442 genau
2377 3372 2686 3439 bestimmt,

1560 3440 1709 3495 denn
1745 3443 2041 3498 obtrectare
2082 3442 2412 3498 bezeichnet.
2446 3461 2553 3497 nur
2592 3443 2684 3497 die

1557 3512 1816 3582 Vorziige
1889 3512 2042 3568 eines
2106 3513 2350 3568 anderen
2427 3513 2687 3569 neidisch

1559 3583 1913 3638 verkleinern
1956 3583 2074 3638 und
2118 3584 2507 3654 herabsetzen,
2564 3601 2686 3638 was

1560 3653 1707 3708 doch
1735 3654 1949 3710 sowohl
1987 3671 2100 3709 von
2135 3654 2345 3722 einem,
2380 3655 2480 3710 der
2508 3655 2688 3710 solbet

1560 3723 1712 3779 diese
1749 3725 2007 3795 Vorziige
2045 3725 2270 3795 besitzt,
2316 3726 2399 3780 als
2442 3742 2557 3781 von
2604 3726 2687 3781 ei-

1559 3812 1715 3864 nem,
1781 3797 1881 3851 der
1940 3797 2020 3853 sie
2073 3795 2234 3850 nicht
2272 3795 2520 3864 'beaitzt,
2587 3813 2685 3866 ge-

1560 3867 1805 3922 schehen
1840 3867 2014 3923 kann.

1627 3969 1734 4022 pro
1765 3955 2133 4022 experientia.-
2170 3956 2313 4010 statt
2339 3954 2459 4009 sich
2488 3974 2559 4010 zu
2585 3957 2685 4012 be·

1558 4025 1880 4091 kt‘immerm
1945 4025 2111 4080 sollte
2167 4041 2229 4079 er
2285 4024 2462 4081 lieber
2515 4027 2685 4082 einen

1558 4095 1810 4151 Versuch
1846 4096 2109 4166 macheu,
2164 4096 2341 4152 selbst
2384 4116 2453 4152 zu
2499 4099 2681 4153 erlan-

1557 4183 1686 4238 gen,
1705 4185 1802 4221 um
1819 4184 1933 4221 was
1954 4182 2015 4220 er
2032 4167 2239 4223 andere
2261 4167 2535 4250 peneidet„
2574 4169 2687 4225 Milz

1555 4239 1873 4365 fflrifffit}
1900 4238 2000 4364 {Her
2019 4239 2354 4367 ἷῖιῗζοιῗῖ-εἶ
2389 4239 2681 4381 ἓῖῗὲὶεάἷε
