2902 4649
261 1527 353 1653 ἓξ

369 136 502 201 104
1174 135 1248 189 Μ.
1286 134 1534 190 TULLII
1572 133 1956 190 CICERONIS

369 303 770 365 multitudinis
817 302 1037 363 iudicio
1096 308 1437 381 moventur,
1494 320 1633 362 cum
1687 301 1747 362 id
1802 300 2121 364 honestum
2176 310 2417 384 putent,
2473 304 2634 384 quod
2690 324 2721 367 a

369 392 673 473 plerisque
713 391 1003 453 laudetur.
1078 390 1163 451 Te
1205 398 1432 471 autem,
1479 393 1532 451 si
1578 392 1640 450 in
1687 391 1877 451 oculis
1924 395 2007 453 sis
2054 391 2479 473 multitudiniS,
2525 403 2722 454 tamen

372 484 502 542 eius
549 481 769 542 iudicio
815 488 975 541 stare
1021 478 1205 543 nolim
1252 497 1362 540 nec
1411 479 1571 559 quod
1617 478 1715 540 illa
1760 488 1932 559 putet
1980 480 2137 541 idem
2186 489 2397 560 putare
2444 481 2723 561 pulcher·

370 572 606 632 rimum.
698 569 828 630 Tuo
874 568 984 629 tibi
1029 568 1250 629 iudicio
1298 575 1390 629 est
1435 568 1751 649 utendum3
1810 568 1917 629 tibi
1968 572 2020 631 si
2067 580 2230 630 recta
2276 570 2556 649 probanti
2599 571 2721 651 pla·

372 659 562 740 cebiS,
618 666 748 720 tum
794 675 912 719 non
965 657 1139 718 modo
1188 664 1308 718 tete
1357 659 1600 736 viceriS,
1656 656 1814 736 quod
1861 659 2036 738 paulo
2083 669 2219 719 ante
2267 659 2727 742 praecipiebam,

277 766 352 815 64
371 748 477 809 sed
524 766 731 809 omnes
778 756 839 808 et
884 748 1097 807 omnia.
1178 745 1306 806 Hoc
1342 747 1528 823 igitur
1565 745 1675 806 tibi
1711 764 2006 826 propone:
2054 747 2504 826 amplitudinem
2542 751 2727 809 animi

372 846 428 897 et
486 838 657 916 quasi
702 835 997 916 quandam
1044 836 1558 914 exaggerationem
1614 852 1794 914 quam
1849 836 2193 897 altissimam
2251 834 2487 914 [animi]
2498 884 2516 918 ,
2572 856 2726 921 quae

371 927 623 987 maxime
707 926 929 986 eminet
1010 924 1461 985 contemnendis
1537 930 1598 984 et
1669 923 2070 1003 despiciendis
2135 923 2470 1006 doloribuS,
2540 944 2727 986 unam

371 1033 505 1076 esse
552 1015 819 1075 omnium
866 1031 992 1074 rem
1038 1012 1501 1092 pulcherrimam
1555 1030 1748 1092 eoque
1804 1013 2232 1094 pulchriorem,
2291 1016 2343 1074 si
2398 1023 2567 1075 vacet
2621 1034 2728 1094 po-

369 1102 512 1184 pulo
560 1121 754 1182 neque
801 1101 1076 1182 plausum
1122 1108 1364 1180 captans
1411 1119 1477 1162 se
1524 1109 1754 1163 tantum
1800 1104 1927 1182 ipsa
1975 1102 2246 1164 delectet.
2341 1102 2498 1174 Quin
2545 1106 2731 1165 etiam

371 1192 518 1253 mihi
575 1192 814 1271 quidem
867 1190 1251 1251 laudabiliora
1308 1189 1585 1251 videntur
1640 1192 1864 1273 omnia,
1929 1210 2081 1271 quae
2137 1194 2264 1252 sine
2322 1191 2739 1277 venditatione,

374 1290 435 1342 et
481 1284 609 1342 sine
657 1279 875 1359 populo
922 1286 1074 1340 teste
1122 1280 1300 1359 fiunt,
1346 1296 1467 1339 non
1515 1297 1634 1359 quo
1682 1280 1999 1358 fugiendus
2047 1282 2150 1361 sit,
2199 1314 2283 1322 —
2322 1282 2520 1341 omnia
2568 1283 2732 1341 enim

373 1369 525 1431 bene
574 1371 726 1430 facta
770 1371 834 1429 in
879 1368 1013 1429 luce
1060 1386 1125 1429 se
1173 1367 1473 1428 conlocari
1521 1368 1723 1429 volunt
1761 1402 1845 1412 —
1885 1369 1992 1431 sed
2042 1378 2241 1430 tamen
2288 1368 2517 1430 nullum
2567 1368 2732 1431 thea-

376 1469 534 1520 trum
582 1459 790 1518 virtuti
835 1457 1198 1517 conscientia
1246 1458 1436 1529 maius
1484 1465 1592 1517 est.

550 1547 744 1626 Atque
791 1547 853 1606 in
897 1548 1107 1625 primis
1153 1545 1514 1606 meditemur
1560 1545 1730 1624 illud,
1788 1555 1854 1607 ut
1910 1547 2055 1608 haec
2102 1549 2390 1627 patientia
2434 1546 2735 1629 dolorum,

375 1655 551 1716 quam
597 1654 772 1715 saepe
827 1637 945 1695 iam
1002 1637 1183 1696 animi
1237 1636 1566 1695 intentione
1627 1634 1749 1695 dixi
1809 1653 1940 1695 esse
2003 1636 2379 1716 firmandam,
2442 1638 2505 1696 in
2568 1640 2736 1697 omni
2852 1665 2853 1674 ι

374 1743 594 1804 genere
632 1742 696 1785 se
735 1723 1101 1803 aequabilem
1138 1722 1435 1803 praebeat.
1526 1722 1716 1803 Saepe
1755 1726 1914 1785 enim
1951 1723 2150 1808 multi,
2197 1726 2302 1804 qui
2339 1733 2440 1785 aut
2477 1733 2735 1805 propter

377 1815 656 1875 victoriae
704 1812 1088 1892 cupiditatem
1136 1820 1238 1873 aut
1282 1819 1531 1892 propter
1576 1811 1797 1891 gloriae
1859 1822 1960 1874 au‘t
2015 1815 2219 1894 etiam,
2276 1822 2345 1874 ut
2399 1815 2494 1873 ius
2553 1832 2736 1875 suum
2850 1839 2851 1862 ι

373 1909 436 1963 et
498 1900 835 1962 libertatem
899 1908 1200 1981 tenerent,
1273 1899 1514 1962 volnera
1578 1910 1945 1981 exceperunt
2010 1903 2247 1963 fortiter
2311 1911 2373 1962 et
2439 1902 2741 1984 tulerunt,
2798 1953 2801 1954 ν

373 1990 532 2051 idem
578 1992 795 2051 omissa
843 1992 1224 2051 contentione
1272 1989 1540 2051 dolorem
1586 1989 1777 2050 morbi
1826 1991 1984 2051 ferre
2033 2009 2153 2051 non
2198 1999 2478 2072 possunt3
2533 2009 2736 2071 neque

375 2081 536 2140 enim
581 2078 774 2162 illum,
836 2098 1015 2158 quem
1072 2078 1241 2139 facile
1302 2077 1590 2160 tulerant,
1651 2081 1882 2141 ratione
1944 2086 2045 2140 aut
2105 2081 2394 2158 sapientia
2452 2078 2741 2160 tulerant,

373 2168 481 2229 sed
544 2168 742 2229 studio
805 2169 1003 2246 potius
1063 2176 1124 2228 et
1182 2166 1384 2246 gloria.
1476 2167 1682 2246 Itaque
1743 2167 1982 2229 barbari
2041 2168 2280 2248 quidam
2341 2176 2403 2229 et
2460 2170 2742 2230 inmanes
2844 2155 2869 2226 ἢΙ

381 2258 542 2318 ferro
590 2257 898 2317 decertare
948 2274 1257 2317 acerrume
1304 2263 1580 2338 possunt,
1628 2266 1951 2362 aegrotare
2008 2257 2257 2318 viriliter
2310 2275 2430 2317 non
2486 2267 2743 2336 queunt..

377 2347 593 2407 Graeci
631 2354 829 2407 autem
865 2346 1164 2426 homineS‚
1210 2363 1329 2405 non
1369 2348 1513 2407 satis
1549 2347 1826 2427 animosi,
1870 2347 2224 2429 prudentes,
2269 2355 2339 2408 ut
2384 2355 2476 2408 est
2522 2355 2745 2427 captus

367 2435 717 2516 hominum,
764 2436 934 2515 satiS,
981 2435 1215 2495 hostem
1254 2437 1521 2515 aspicere
1567 2454 1690 2497 non
1734 2445 2012 2515 possunt.
2059 2436 2250 2497 eidem
2297 2435 2540 2496 morbos
2589 2437 2744 2497 tole-

2834 2273 2870 2320 ι
2854 2287 2870 2337 gt

2834 2363 2870 2425 ι

373 2535 581 2585 ranter
636 2533 813 2603 atque
852 2522 1130 2584 humane
1187 2524 1405 2584 ferunt.
1498 2524 1573 2585 At
1629 2523 1852 2585 Cimbri
1914 2533 1976 2585 et
2032 2523 2315 2585 Celtiberi
2369 2527 2429 2584 in
2485 2523 2744 2604 proeliis
2834 2503 2870 2543 ¹⁴³

446 2679 511 2732 in
555 2679 728 2733 oeulis
776 2678 882 2745 sis,
939 2692 1103 2731 wenn
1154 2675 1245 2731 die
1299 2676 1501 2760 Augen
1607 2678 1755 2733 noch
1779 2680 2047 2748 plausum
2083 2683 2315 2747 captans
2340 2676 2533 2732 wurde
2574 2696 2649 2732 zu
2687 2695 2748 2735 se

373 2750 476 2804 der
508 2747 712 2819 Menge
748 2749 850 2803 auf
881 2748 1014 2803 dich
1045 2747 1330 2818 gerichtet
1355 2747 1500 2816 sind,
1605 2750 1734 2817 ipsa
1795 2750 2065 2804 delectans
2129 2748 2294 2804 einen
2347 2748 2746 2805 schicklichen

373 2837 437 2875 so
478 2819 599 2874 dass
633 2819 766 2889 jede
811 2818 1118 2889 Handlung
1161 2819 1283 2873 ihre
1329 2818 1500 2875 Beur-
1609 2819 1689 2875 Ge
1693 2821 1921 2890 geneatz
1956 2817 2162 2875 hilden.
2239 2825 2420 2875 tamen
2453 2820 2573 2874 und
2609 2825 2747 2876 tan-

375 2891 598 2958 teilung
632 2890 862 2945 erfahrt.
935 2890 1024 2959 Vg
1026 2891 1064 2944 l.
1094 2890 1163 2944 de
1192 2889 1283 2945 off.
1322 2890 1375 2943 II
1417 2896 1501 2959 13,
1607 2897 1725 2945 tum
1751 2890 1829 2945 ist
1859 2891 1919 2945 in
1945 2891 2056 2946 den
2081 2890 2246 2946 Hdss.
2277 2891 2365 2946 oft}
2387 2893 2744 2948 vertauseht.

372 2966 465 3016 44.
536 2960 759 3016 Ebenso
835 2961 1113 3028 habitare,
1190 2962 1367 3016 vivere
1439 2962 1503 3016 in
1680 2963 1976 3031 theatrum,
2015 2962 2380 3032 Schauplatz,
2418 2963 2574 3018 Brut.
2614 2968 2675 3030 2,
2710 2971 2745 3019 6

371 3033 564 3088 oeulis.
638 3032 908 3102 Dagegen
949 3031 1022 3086 ad
1068 3031 1187 3088 Διῒ..
1235 3032 1313 3087 VI
1359 3039 1419 3102 2,
1470 3038 1501 3086 5
1609 3019 1793 3099 foru‘m
1819 3034 2022 3103 populi
2058 3032 2331 3100 Romani,
2366 3035 2513 3103 quod
2538 3033 2751 3101 fuisset

377 3103 453 3158 ist
496 3104 820 3173 publicanis
873 3103 937 3157 in
989 3103 1162 3157 oculis
1203 3119 1392 3158 sumus
1428 3129 1497 3148 ===
1607 3104 1769 3173 quasi
1802 3105 2073 3159 theatrum
2107 3105 2264 3159 illius
2297 3105 2526 3202 ingenii.

374 3176 611 3242 ferimur
646 3175 710 3229 in
746 3174 944 3240 oculis,
993 3173 1201 3227 ‘werde
1238 3173 1497 3244 geliebt',
1679 3175 1818 3244 Καρ.
1858 3174 1955 3231 27.
2030 3179 2115 3230 65.
2153 3177 2395 3243 ratione,
2441 3174 2570 3228 ‘mit
2606 3176 2745 3246 phi-

379 3246 621 3301 welcher
657 3244 794 3300 Sinn
841 3244 966 3300 hier
1001 3263 1069 3298 zu
1105 3245 1236 3298 dem
1272 3245 1498 3301 Zusam-
1605 3245 1993 3343 Iosophischer
2050 3217 2454 3343 Uberlegung’.
2527 3249 2748 3316 studio,
2822 3266 2829 3301 ι

375 3317 695 3386 menhange
728 3315 890 3370 nicht
920 3314 1088 3385 masat
1612 3317 1737 3371 ‘aue
1773 3316 2214 3372 Leidenschaft’.

451 3390 568 3443 eius
617 3388 826 3443 iudicio
880 3392 1054 3454 stare,
1121 3387 1267 3442 ‘sich
1329 3387 1499 3443 dabei
1678 3392 1742 3442 ut
1786 3395 1863 3443 est
1907 3394 2102 3458 eaptus
2146 3389 2454 3457 hommum,
2512 3388 2751 3445 ‘soweit

373 3457 733 3527 bemhigenss
770 3458 840 3513 de
870 3457 961 3513 off.
991 3457 1070 3510 III
1108 3465 1206 3527 30,
1245 3463 1347 3513 110
1383 3475 1499 3513 non
1607 3458 1698 3514 die
1718 3458 2146 3529 Fassungegabe
2174 3459 2275 3514 der
2301 3460 2477 3515 Lente
2504 3459 2749 3528 reicht'3

376 3546 479 3585 suo
506 3531 715 3585 iudicio
741 3531 906 3585 stetit.
964 3529 1213 3584 Zumeist
1238 3530 1505 3585 bedeutet
1611 3529 1686 3584 de
1731 3529 1811 3584 sie
1846 3531 1995 3585 nach
2032 3530 2257 3587 Ciceros
2303 3529 2544 3585 Ansiehb
2588 3549 2750 3587 επις

377 3607 528 3656 stare
560 3600 797 3667 iudiciO,
834 3599 929 3654 bei
957 3600 1137 3654 einem
1166 3600 1379 3656 Urteile
1405 3601 1501 3656 be·
1609 3600 1830 3672 Anlage
1865 3599 1958 3656 fiir
1991 3600 2175 3656 Kunst
2221 3603 2338 3657 und
2373 3601 2748 3672 Philosophie

382 3672 611 3738 barren,
648 3671 807 3725 nicht
842 3670 1026 3725 daven
1063 3671 1305 3741 abgehn.
1609 3672 1796 3728 haben
1809 3715 1822 3741 ‚
1862 3672 1997 3728 aber
2029 3673 2120 3728 die
2147 3674 2399 3729 hbheren
2425 3673 2751 3742 Tugenden

451 3743 674 3808 vicarie,
712 3758 753 3797 e.
793 3759 836 3795 z.
876 3742 928 3795 11
967 3746 1060 3809 11,
1097 3748 1168 3799 26
1203 3744 1404 3798 videm.
1610 3744 1710 3798 der
1750 3743 2095 3826 politischen
2146 3745 2260 3799 und
2312 3743 2751 3814 kriegerischen
2816 3790 2825 3799 .

455 3819 539 3869 64.
577 3813 1060 3884 exaqyeratiouem.
1090 3813 1289 3869 Parad.
1314 3813 1363 3867 V
1381 3819 1411 3880 5
1432 3818 1499 3868 41
1611 3810 1980 3886 Tii'chtigkeit
2013 3816 2185 3870 ihnen
2223 3814 2497 3885 abgehen.

373 3886 432 3939 si
467 3885 683 3955 quidem
718 3885 905 3938 animo
954 3885 1157 3938 excelso
1200 3890 1250 3938 et
1294 3886 1408 3940 alto
1453 3891 1504 3941 et
1679 3887 1942 3953 humane,
1991 3887 2040 3939 d.
2079 3886 2116 3940 i.
2155 3890 2234 3940 ιιι
2261 3887 2530 3940 hommm
2573 3886 2751 3956 decet,

381 3957 681 4016 virtutibus
716 3959 1040 4051 exayqerato
1074 3970 1276 4010 sumtus.
1615 3955 1983 4026 gemarsigt’.
2058 3958 2136 4010 111
2171 3962 2259 4024 27,
2297 3962 2367 4011 64
2394 3957 2570 4026 siqui
2595 3958 2752 4023 forte

453 4028 504 4081 si
539 4032 689 4081 vacet
715 4027 951 4096 populo,
992 4024 1177 4081 wenn
1213 4026 1334 4081 sich
1369 4043 1503 4083 vom
1612 4058 1679 4069 -
1716 4028 1934 4097 aliquid
1959 4028 2204 4094 fecerunt
2226 4028 2541 4083 humanius.
2609 4028 2748 4086 Ter.

383 4097 566 4152 Volke
603 4095 726 4151 fern
761 4097 908 4163 halt,
947 4096 1049 4150 auf
1071 4096 1171 4152 das
1199 4097 1503 4152 Pnblikum
1611 4098 1714 4153 Ad.
1765 4098 1790 4150 I
1837 4105 1896 4165 2,
1944 4104 2011 4153 65
2063 4100 2160 4153 vix
2211 4099 2447 4154 humane
2491 4100 2749 4186 patitm.

375 4167 545 4222 nicht
579 4167 889 4235 Rficksicht
921 4166 1167 4222 nimmt’.
1610 4170 1830 4225 Ebenso
1865 4170 1945 4224 im
1975 4168 2370 4225 Griechischen
2406 4166 2478 4224 τὰ
2505 4164 2748 4241 ἄνθ-ρώ-

454 4255 509 4293 se
544 4245 758 4295 tantum
793 4240 933 4308 ipsa.
990 4237 1095 4294 Die
1122 4239 1287 4295 Hdss.
1317 4240 1505 4296 haben
1610 4259 1748 4295 πινα
1785 4236 2164 4311 ἀνθρωπίνως
2200 4240 2416 4311 φέρειν.

379 4316 591 4378 tamen,
628 4310 764 4366 aber
790 4310 977 4365 weder
1011 4312 1063 4366 si
1095 4315 1248 4367 vacet
1274 4313 1502 4381 populo,
1683 4312 1896 4367 Cimbri
1929 4317 1980 4367 et
2019 4311 2298 4367 Celtiberi.
2335 4312 2458 4368 Val.
2494 4312 2651 4369 Max.
2696 4313 2751 4368 11

2846 2607 2870 2685 ι’

2828 2700 2870 2763 ιὶι

2826 2782 2870 2871 ξι

2824 2850 2870 2925 5³¹*

2826 2928 2870 2973 all

2814 4287 2870 4379 ’ΞΕ

2812 4380 2870 4424 .11

2810 4434 2870 4511 ha

2804 4518 2820 4623 1¹
