2902 4649
335 153 425 217 46
1123 151 1196 205 Μ.
1239 149 1488 206 TULLII
1526 148 1912 204 CICERONIS

339 337 478 381 nam
513 319 661 380 haec
701 318 942 398 quidem
977 319 1095 379 vita
1134 335 1295 378 mors
1334 325 1443 397 est,
1497 334 1674 396 quam
1712 316 2021 376 lamentari
2066 333 2324 396 possem,
2369 316 2420 375 si
2464 313 2702 375 liberet.

251 421 318 473 76
340 410 409 469 Α.
461 407 617 469 Satis
664 416 731 469 tu
776 407 1018 487 quidem
1063 409 1125 467 in
1163 404 1579 467 Consolatione
1628 423 1692 465 es
1739 405 2112 485 lamentatuS,
2158 422 2337 483 quam
2374 421 2512 465 cum
2545 400 2703 483 le’go,

338 496 487 558 nihil
533 496 686 558 malo
735 514 912 576 quam
958 496 1066 556 has
1111 513 1213 556 res
1257 493 1628 576 relinquere,
1684 494 1779 554 his
1825 511 1966 555 vero
2022 491 2199 554 modo
2246 492 2463 554 auditis
2510 491 2698 553 multo

337 588 557 666 magis
628 587 712 647 M.
751 585 965 649 Veniet
1009 593 1246 664 tempus
1293 592 1356 647 et
1402 581 1642 662 quidem
1681 582 1975 663 celeriter,
2023 585 2145 643 sive
2183 581 2535 643 retractabis
2573 583 2698 642 sive

336 674 718 755 properabis3
755 674 910 736 volat
947 676 1107 735 enim
1143 680 1322 734 aetaS.
1398 672 1655 733 Tantum
1694 680 1892 733 autem
1929 671 2099 732 abest
2135 670 2209 732 ab
2247 690 2336 753 eo,
2374 680 2443 732 ut
2478 669 2698 731 malum

337 783 499 825 mors
545 766 641 845 sit,
688 764 847 843 quod
894 762 1002 824 tibi
1040 761 1265 823 dudum
1301 761 1632 842 videbatur,
1677 769 1747 823 ut
1782 779 1992 822 verear
2036 779 2111 821 ne
2158 760 2386 821 homini
2430 759 2579 820 nihil
2617 761 2701 819 sit

342 871 463 913 non
510 852 731 914 malum
779 851 965 933 aliud,
1022 858 1187 913 certe
1243 853 1321 911 sit
1375 850 1526 911 nibil
1579 850 1802 911 bonum
1860 849 2019 911 aliud
2075 851 2303 930 potius,
2358 851 2411 909 si
2455 847 2698 928 quidem

334 942 430 1003 vel
475 941 535 1004 di
582 943 698 1022 ipsi
743 940 836 1001 vel
883 959 1020 1002 cum
1068 940 1159 1000 dis
1205 940 1395 1000 futuri
1440 958 1667 1000 sumus,
1741 941 1812 1000 A.
1862 938 2017 1010 Quid
2064 939 2268 999 refert.
2343 939 2428 999 M.
2466 936 2700 999 Adsunt

338 1033 497 1091 enim
546 1032 650 1110 qui
696 1030 843 1091 haec
890 1048 1008 1090 non
1055 1027 1330 1109 probent.
1422 1028 1549 1108 Ego
1605 1034 1804 1090 autem
1860 1046 2182 1107 numquam
2239 1029 2323 1088 ita
2369 1034 2428 1088 te
2475 1029 2538 1087 in
2584 1026 2700 1086 hoc

339 1137 616 1181 sermone
664 1119 984 1199 dimittam,
1039 1118 1156 1180 ulla
1217 1120 1304 1179 uti
1352 1120 1588 1178 ratione
1629 1135 1791 1177 mors
1838 1117 1948 1177 tibi
1992 1118 2181 1178 videri
2224 1116 2446 1178 malum
2490 1117 2698 1195 possit.

252 1221 317 1271 ’17
342 1211 412 1270 Α.
461 1208 578 1280 Qui
624 1216 849 1288 potest,
907 1225 1043 1269 cum
1090 1208 1204 1268 ista
1251 1203 1677 1286 cognoverim?
1768 1208 1853 1267 M.
1902 1206 2021 1277 Qui
2074 1208 2264 1286 possit
2317 1201 2537 1284 rogas?
2592 1203 2698 1265 Ca·

340 1306 541 1359 tervae
600 1299 849 1358 veniunt
918 1304 1124 1358 contra
1193 1294 1518 1357 dicentium
1589 1314 1700 1357 nec
1762 1295 1956 1356 solum
2013 1295 2480 1375 Epicureorum,
2546 1310 2700 1372 quos

340 1386 621 1465 equidem
666 1404 787 1446 non
834 1385 1127 1465 despicio,
1183 1383 1289 1445 sed
1344 1387 1549 1445 nescio
1607 1402 1725 1464 quo
1784 1382 1957 1445 modo
2013 1384 2394 1446 doctissimus
2442 1384 2699 1461 quisque

343 1473 750 1555 [contemnit],
789 1492 1099 1535 acerrume
1137 1480 1337 1534 autem
1375 1473 1624 1534 deliciae
1660 1491 1827 1533 meae
1865 1472 2262 1535 Dicaearchus
2300 1480 2508 1534 contra
2545 1471 2699 1531 hanc

340 1563 827 1625 inmortalitatem
874 1562 1175 1623 disseruit.
1265 1561 1324 1623 ls
1371 1564 1532 1623 enim
1578 1571 1704 1624 tres
1749 1561 1935 1622 libros
1982 1565 2241 1643 scripsit,
2286 1562 2390 1640 qui
2426 1558 2698 1621 Lesbiaci

342 1661 655 1734 vocantur,
726 1652 885 1731 quod
932 1650 1229 1731 Mytilenis
1290 1670 1487 1712 sermo
1543 1649 1824 1731 habetur,
1884 1653 1947 1710 in
2002 1650 2223 1730 quibus
2277 1649 2398 1710 volt
2457 1651 2701 1711 efficere

343 1743 570 1802 animos
616 1759 749 1802 esse
797 1740 1094 1802 mortales,
1189 1739 1376 1801 Stoici
1422 1750 1622 1801 autem
1669 1758 1916 1801 usuram
1961 1739 2132 1801 nobis
2177 1739 2513 1818 largiuntur
2549 1748 2697 1800 tam·

111 1821 119 1828 ’
236 1827 322 1892 32
344 1848 521 1909 quam
559 1828 927 1891 cornicibus:
975 1829 1080 1890 diu
1116 1847 1432 1901 mansuros
1471 1831 1638 1890 aiunt
1674 1832 1920 1910 animoS‚
1965 1847 2203 1909 semper
2240 1836 2474 1907 negant.
2538 1827 2697 1888 Num

345 1936 463 1978 non
509 1921 597 1979 vis
643 1921 826 1997 igitur
874 1918 1080 1979 audire
1137 1937 1273 1998 cur,
1330 1920 1509 1978 etiam
1566 1919 1618 1978 si
1672 1920 1753 1978 ita
1812 1919 1914 1998 sit,
1970 1937 2131 1979 mors
2187 1925 2388 1979 tamen
2442 1935 2564 1978 non
2618 1917 2701 1976 sit

342 2010 405 2067 in
452 2004 663 2068 malis?
754 2009 824 2067 A.
872 2006 949 2068 Ut
995 2007 1257 2088 videtur,
1315 2006 1421 2068 sed
1468 2025 1564 2067 me
1611 2025 1786 2067 nemo
1834 2007 1906 2067 de
1954 2006 2373 2069 inmortalitate
2421 2005 2697 2086 depellet.

255 2097 428 2161 78M.
475 2095 678 2157 Laudo
725 2096 783 2156 id
833 2097 1092 2176 quidem,
1140 2099 1252 2158 etsi
1298 2094 1446 2156 nihil
1494 2098 1671 2157 nimis
1718 2102 1955 2177 oportet
2001 2096 2329 2177 confidere;
2387 2111 2699 2156 movemur

343 2187 503 2245 enim
550 2203 726 2264 saepe
775 2184 972 2264 aliquo
1015 2194 1186 2247 acute
1234 2185 1537 2267 concluso,
1581 2184 1846 2246 labamus
1884 2192 2302 2264 mutamusque
2337 2185 2696 2244 sententiam

343 2272 694 2335 clarioribus
750 2275 930 2337 etiam
984 2276 1047 2335 in
1103 2272 1311 2356 rebus3
1367 2276 1429 2335 in
1476 2274 1571 2335 his
1617 2282 1722 2336 est·
1756 2276 1915 2335 enim
1962 2273 2156 2367 aliqua
2202 2273 2552 2335 obscuritas
2626 2270 2694 2331 ld

414 2497 548 2535 nam
582 2481 713 2536 haec
749 2482 854 2536 cet.
910 2481 1098 2550 Eurip.
1120 2480 1335 2567 Polyid.
1360 2486 1464 2536 639
1572 2498 1665 2535 rer
1681 2479 2081 2564 Philosophen,
2118 2499 2188 2536 zu
2224 2481 2467 2537 welcher
2489 2479 2698 2536 Schule

340 2569 396 2621 Ρ.
426 2557 528 2606 441
568 2552 771 2608 Nauck
815 2553 900 2614 τίς
948 2548 1104 2607 οἶδεν
1151 2550 1208 2607 εἰ
1248 2548 1314 2606 τὸ
1363 2552 1466 2620 ζῆν
1575 2552 1658 2606 sie
1694 2552 1895 2607 immet
1931 2552 2181 2623 gehoren
2205 2559 2427 2624 mogon,
2463 2552 2697 2608 bestim-

332 2622 449 2760 ἕξιν
496 2620 614 2678 ἔστι
661 2627 1006 2691 κατθανεῖν,
1043 2618 1106 2678 τὸ
1147 2626 1465 2678 κατθανεῖν
1572 2622 1888 2750 mesxeidlfflst.
1993 2694 2032 2749 d
2064 2700 2130 2750 Gt
2333 2698 2367 2746 a
2425 2695 2463 2749 1
2528 2699 2659 2749 W

415 2691 816 2822 7gfissl'nw00nsow
774 2696 1097 2822 volam-mycenas·
1137 2772 1223 2833 26,
1263 2771 1348 2822 65.
1572 2712 1825 2822 disseri?
1864 2710 2063 2820 13⁶„oess
2088 2711 2463 2821 dodffssixlmttns
2500 2711 2529 2749 c
2540 2713 2699 2836 asma-Z

410 2843 710 2893 retractare
772 2836 914 2892 wird
981 2854 1012 2892 e
1013 2807 1289 2907 igentli’ch
1351 2854 1465 2893 von
1573 2837 1698 2892 sind
1734 2838 1825 2891 die
1863 2836 2276 2907 Peripatetiker
2314 2837 2429 2892 und
2466 2781 2698 2893 ἔξειὲθιτ

341 2908 639 2977 Zugtieren
703 2911 936 2990 gesagt,
1011 2909 1102 2964 die
1175 2909 1462 2964 stockisch
1569 2926 1637 2962 zu
1674 2910 1986 2964 verstehen.

341 2978 466 3033 sind
528 2978 645 3033 und.
698 2979 858 3034 nicht
909 2981 1183 3035 voi-warte
1236 2980 1461 3048 wollen,
1640 2980 2016 3035 Dicaearchus
2053 2998 2096 3034 s.
2136 2997 2179 3034 z.
2222 2985 2305 3048 10,
2344 2986 2428 3035 21.

339 3049 490 3104 dann
560 3049 880 3133 uberhaupt.
955 3049 1036 3104 im
1109 3051 1279 3105 Sinne
1351 3068 1462 3106 von
1639 3066 1961 3105 uswram—
1988 3052 2327 3122 largiuntur,
2361 3050 2463 3106 ‘sie
2492 3052 2702 3107 seben*—

341 3122 611 3176 cunam-i.
1568 3120 1682 3175 ken
1714 3139 1816 3175 uns
1851 3121 2197 3178 reichlichen
2219 3122 2593 3178 Niessbrauch
2620 3153 2706 3166 —

408 3208 597 3247 verear
631 3208 731 3258 ‘ne;
767 3189 889 3246 dass
915 3190 1010 3247 ich
1037 3191 1290 3262 besorge,
1318 3191 1460 3247 alles
1569 3191 1705 3246 aber
1739 3192 1944 3248 keinen
1981 3209 2065 3248 ew
2129 3211 2199 3248 en
2234 3193 2463 3251 Besitz'.
2537 3183 2698 3250 Uber

340 3263 547 3318 andere
592 3264 672 3318 ist
708 3232 806 3317 'fflr
842 3261 953 3317 den
985 3263 1289 3319 Menschen
1325 3262 1461 3318 eher
1567 3262 1661 3317 die
1697 3264 1937 3319 Ansicht
1972 3263 2072 3320 der
2138 3265 2325 3320 toiker
2359 3283 2400 3321 s.
2422 3285 2467 3321 z.
2494 3272 2577 3333 18,
2597 3271 2689 3320 42.

337 3333 429 3389 ein
483 3321 656 3405 Ubel,
719 3349 804 3389 we
906 3335 1057 3390 stens
1119 3333 1308 3389 nichts
1370 3335 1464 3389 ein
1643 3335 1983 3401 οονηίοῶιιες
2037 3336 2117 3391 sie
2171 3336 2298 3391 sind
2352 3337 2499 3392 anch
2542 3308 2695 3409 j’etzt

337 3404 612 3474 grosseres
640 3376 799 3475 eut,
898 3405 1004 3461 ..h
1061 3403 1182 3460 dass
1225 3404 1320 3460 ich
1364 3405 1461 3460 be·
1570 3405 2019 3475 spriohwortlioh
2055 3423 2250 3477 wegen
2286 3407 2438 3462 ihres
2476 3408 2695 3479 langen

338 3491 528 3545 sorge,
577 3493 635 3531 es
683 3477 766 3531 sei
784 3448 911 3531 dei:
950 3477 1073 3531 Tod
1111 3476 1209 3531 das
1245 3475 1460 3547 einzige
1567 3476 1803 3532 Lebens.
1875 3476 2019 3533 Plin.
2056 3480 2172 3533 nat.
2215 3479 2269 3532 h.
2310 3477 2411 3533 VH
2446 3485 2692 3547 48,153

339 3546 475 3601 oder
509 3546 850 3617 wenigstens
889 3549 991 3602 das
1028 3547 1236 3618 groseto
1274 3546 1401 3602 Gut.
1566 3547 1847 3604 Hesiodus
1882 3550 2089 3603 cornici
2123 3565 2310 3605 novem
2344 3555 2563 3606 nostras
2600 3557 2687 3605 at—

412 3616 561 3688 Qm'd
622 3617 831 3685 refert?
920 3566 1094 3673 Wassgr
1122 3619 1339 3674 kommt
1400 3636 1460 3674 es
1567 3620 1766 3675 tribuit
1836 3625 2065 3685 aetates,
2136 3622 2510 3690 quadruplum
2571 3624 2694 3677 eius

338 3687 542 3743 darauf
572 3705 670 3757 an,
721 3689 793 3744 ob
840 3690 940 3744 der
976 3690 1098 3745 Tod
1142 3688 1290 3745 bloss
1325 3690 1461 3746 kein
1566 3693 1765 3758 cervis,
1815 3693 1877 3746 id
1911 3692 2255 3759 triplicatum
2288 3694 2481 3749 con-vie.
2554 3692 2691 3747 Hes

336 3730 705 3828 Ube1‚oder
754 3760 1013 3816 wirklich
1068 3761 1166 3816 das
1220 3761 1459 3816 hochste
1566 3762 1632 3817 fr.
1671 3768 1772 3851 106
1810 3762 1899 3819 ed.
1927 3761 2186 3852 Gottling
2223 3759 2395 3818 ἐννέα
2431 3782 2518 3817 τοι
2557 3759 2694 3829 §msc

337 3830 453 3885 eut
479 3831 572 3886 ist.
630 3831 738 3886 Mit
764 3831 976 3886 diesem
1004 3832 1259 3886 Einwurf
1278 3832 1460 3887 habnt.
1566 3831 1771 3922 γενέας
1832 3833 2114 3900 λακέουζα
2177 3831 2397 3903 κορώνη
2445 3829 2708 3903 Ἀνδρῶν·

336 3901 458 3957 sich
513 3901 626 3959 Cic.
692 3903 802 3957 den
860 3888 1164 3973 Ubergang
1226 3920 1294 3957 zu
1356 3904 1460 3958 der
1566 3900 1851 3974 ἡβώντων.

334 3972 952 4048 Auseinandersetzung
996 3976 1056 4028 in
1103 3991 1148 4030 c.
1189 3981 1285 4042 34,
1334 3974 1457 4030 dass
1634 3976 1775 4045 Kap.
1824 3975 1922 4031 82.
2004 3977 2071 4032 de
2119 3977 2514 4032 inmortalitate
2562 3978 2688 4059 dep.

335 4040 436 4100 der
462 4044 600 4113 Tod,
631 4044 776 4100 auch
803 4062 966 4100 wenn
1001 4062 1063 4100 er
1089 4045 1298 4114 vollige
1316 4045 1453 4101 Ver·
1565 4046 1617 4103 d.
1637 4047 1675 4104 i.
1705 4048 1772 4101 de
1806 4048 2062 4116 opinione
2086 4049 2530 4114 inmortalitati&
2559 4049 2689 4103 eine

332 4115 610 4186 nichtung
637 4116 1003 4186 herbeifiihrt,
1032 4117 1162 4171 kein
1186 4102 1331 4170 Ubel
1357 4116 1450 4172 ist.
1561 4116 1755 4187 haufig
1773 4118 2205 4175 vorkommende
2226 4118 2408 4173 Kiirze
2428 4119 2526 4174 des
2541 4117 2698 4172 Aus-

409 4193 491 4243 77.
537 4188 658 4241 ulla
711 4190 799 4242 uti
850 4190 1091 4254 ratium,
1149 4186 1294 4242 ‘dass
1351 4205 1450 4242 aus
1566 4188 1785 4243 drucks.

332 4258 553 4329 irgend·
570 4258 839 4314 welchem
878 4260 1144 4329 Grunde'‚
1182 4260 1234 4315 d.
1274 4258 1328 4314 ιι.
1366 4259 1449 4313 in·
1635 4265 1718 4316 78.
1757 4261 1904 4315 nihil
1938 4262 2124 4329 nimis,
2164 4260 2247 4316 ‘in
2272 4261 2497 4316 keinem
2525 4260 2716 4316 Fane-

333 4331 463 4386 dem
499 4330 575 4385 du
612 4328 744 4385 dich
781 4331 954 4386 durch
977 4330 1255 4386 Einreden
1282 4331 1449 4385 ande-
1555 4349 1622 4385 zu
1661 4332 1831 4386 sehr’.
