2902 4649
601 161 1208 219 TUSCULANARUM
1242 161 1848 218 DISPUTATIONUM
1884 162 1979 220 IV.
2019 169 2177 219 3—6.
2477 162 2563 226 53

219 333 470 412 positum
516 330 724 391 redeat
765 330 987 410 oratio,
1035 346 1213 408 quam
1257 328 1424 390 brevi
1474 339 1742 410 tempore
1792 338 1940 408 quot
1985 338 2045 390 et
2090 331 2297 409 quanti
2335 335 2564 412 poetae,

222 422 316 500 qui
360 428 558 481 autem
613 426 881 479 oratores
938 417 1324 479 exstiterunt!
1386 418 1556 479 facile
1614 428 1683 479 ut
1737 418 2017 498 adpareat
2072 427 2312 479 nostros
2369 422 2566 486 omnia

219 512 497 589 consequi
543 510 835 589 potuisse,
882 506 1058 569 simul
1103 514 1173 568 ut
1216 506 1364 568 velle
1412 509 1767 587 coepissent.
2279 539 2283 546 «

385 599 505 659 Sed
549 599 627 659 de
672 599 893 658 ceteris
948 595 1160 657 studiis
1215 595 1329 657 alio
1386 596 1518 657 loco
1576 603 1635 657 et
1691 596 1986 679 dicemuS,
2018 598 2095 658 ·si
2148 605 2297 658 usus
2352 593 2617 679 fuerit,3

217 696 276 750 et
318 706 492 767 saepe
539 687 811 747 diximus.
907 685 1244 765 Sapientiae
1281 685 1547 747 studium
1594 692 1764 746 vetus
1811 684 1872 747 id
1917 685 2160 765 quidem
2204 689 2287 747 in·
2315 690 2557 769 nostris,

217 776 316 837 sed
358 786 559 837 tamen
604 784 741 838 ante
787 774 973 835 Laelii
1018 781 1269 835 aetatem
1317 781 1379 835 et
1425 774 1726 854 Scipionis
1781 793 1900 835 non
1959 777 2196 854 reperio
2254 794 2406 855 quos
2464 794 2563 856 ap-

218 865 429 946 pellare
467 867 692 944 possim
731 864 1096 924 nominatim.
1176 862 1408 935 Quibus
1445 862 1930 925 adulescentibus
1958 863 2229 924 Stoicum
2258 864 2564 943 Diogenen

218 962 273 1015 et
331 953 752 1015 Academicum
818 952 1183 1014 Carneadem
1247 952 1418 1013 video
1485 952 1556 1013 ad
1624 960 1900 1013 senatum
1965 951 2038 1013 ab
2097 953 2564 1014 Atheniensibus

215 1046 424 1105 missos
472 1060 606 1103 esse
650 1042 900 1122 legatoS,
947 1044 1051 1121 qui
1097 1060 1234 1102 cum
1282 1044 1372 1102 rei
1417 1040 1691 1122 publicae
1737 1041 1959 1102 nullam
2004 1059 2286 1120 umquam
2331 1050 2565 1122 partem

218 1135 547 1213 attigissent
591 1139 870 1210 essetque
919 1148 1126 1191 eorum
1174 1130 1324 1191 alter
1362 1129 1729 1212 cyrensem,
1776 1129 1925 1191 alter
1962 1129 2346 1213 BabyloniuS,
2393 1150 2564 1192 num·

218 1239 385 1301 quam
435 1222 706 1301 profecto
754 1217 972 1280 scholis
1020 1229 1222 1280 essent
1259 1221 1500 1280 excitati
1548 1237 1743 1298 neque
1792 1219 1862 1280 ad
1912 1219 2057 1280 illud
2104 1237 2323 1281 munus
2360 1215 2564 1301 electi,

214 1313 324 1372 nisi
393 1314 459 1371 in
531 1308 889 1390 quibusdam
961 1307 1332 1388 principibus
1408 1307 1779 1388 temporibus
1850 1307 1967 1369 illis
2040 1308 2297 1369 fuissent
2368 1309 2562 1371 studia

212 1398 529 1462 doctrinae.
622 1398 739 1470 Qui
786 1415 924 1458 cum
970 1403 1168 1458 cetera
1214 1397 1430 1458 litteris
1478 1396 1854 1477 mandarent,
1910 1397 2008 1457 alii
2053 1399 2148 1458 ius
2205 1397 2404 1478 civile,
2463 1398 2560 1458 alii

215 1492 510 1550 orationes
566 1505 730 1568 suas,
786 1486 884 1547 alii
939 1494 1321 1548 monumenta
1377 1488 1696 1567 maiorum,
1753 1485 1906 1546 hanc
1963 1485 2384 1565 amplissimam
2439 1505 2563 1547 om·

211 1579 368 1640 nium
421 1580 667 1658 artium,
720 1575 875 1636 bene
922 1573 1157 1636 vivendi
1211 1574 1613 1656 disciplinam,
1671 1577 1786 1634 vita
1851 1576 2036 1654 magis
2103 1592 2281 1654 quam
2344 1575 2563 1637 litteris

213 1669 513 1746 persecuti
557 1673 714 1726 sunt.
806 1664 1012 1743 Itaque
1059 1662 1218 1725 illius
1264 1681 1438 1724 verae
1479 1663 1885 1743 elegantisque
1924 1663 2363 1746 philosophiae,
2410 1683 2561 1744 quae
2585 1675 2617 1724 6

213 1754 383 1818 ducta
429 1775 462 1816 a
504 1755 748 1816 Socrate
794 1756 859 1814 in
895 1751 1310 1833 Peripateticis
1347 1752 1542 1814 adhuc
1580 1754 1907 1833 permansit
1944 1761 2006 1813 et
2041 1752 2199 1813 idem
2239 1753 2352 1814 alio
2390 1753 2565 1814 modo

209 1843 545 1907 dicentibus
585 1844 1008 1923 Stoicis,-cum
1045 1841 1382 1903 Academici
1419 1859 1631 1903 eorum
1669 1843 2105 1927 controversias
2143 1841 2569 1924 disceptarent,

212 1934 364 1995 nulla
420 1936 549 2006 fere
606 1940 751 1994 sunt
804 1938 907 1992 aut
956 1949 1143 2009 pauca
1190 1930 1509 1992 admodum
1556 1930 1763 1991 Latina
1808 1938 2193 1992 monumenta
2252 1933 2375 1992 sive
2434 1950 2568 2012 pro-

211 2031 338 2102 pter
394 2021 866 2101 magnitudinem
919 2037 1125 2080 rerum
1183 2023 1756 2100 occupationemque
1811 2019 2145 2101 hominum,
2204 2022 2328 2081 sive
2387 2023 2566 2082 etiam

211 2112 361 2191 quod
419 2112 700 2191 inperitis
755 2128 824 2170 ea
877 2107 1119 2189 probari
1174 2126 1350 2189 posse
1416 2127 1537 2169 non
1593 2107 2062 2169 arbitrabantur:
2131 2127 2268 2169 cum
2324 2111 2569 2170 interim

280 2362 463 2411 autem
532 2354 675 2408 wird
747 2351 841 2408 bei
903 2351 1337 2423 Aufzhhlungen

216 2427 367 2482 nicht
402 2426 589 2482 selten
633 2443 701 2479 zu
739 2424 866 2479 dem
906 2423 1103 2479 Gliede
1139 2422 1334 2477 hinzu-

217 2497 435 2570 gefflgt,
480 2496 580 2551 das
617 2494 922 2551 besonders
960 2494 1336 2564 hervorgeho·

215 2568 318 2624 ben
361 2569 593 2625 werden
639 2565 763 2622 soll.
836 2566 888 2620 V
942 2571 1041 2633 20,
1099 2571 1167 2620 57
1224 2583 1336 2635 qua

213 2641 622 2708 pulchritudine
655 2638 869 2705 urbem,
915 2639 1118 2707 quibus
1154 2642 1335 2692 autem

214 2712 418 2779 opibus.
494 2728 551 2781 p.
578 2709 723 2764 Mur.
753 2715 838 2776 13,
873 2714 942 2764 29
978 2725 1215 2778 magnus
1250 2708 1334 2763 di-

215 2785 368 2839 cendi
403 2783 592 2850 labor,
627 2797 834 2851 mayua
868 2796 981 2846 res,
1017 2796 1223 2850 mayna
1249 2781 1334 2834 di-

215 2856 419 2924 qm‘tas,
456 2870 672 2909 summa
706 2857 890 2907 autem
924 2851 1128 2921 qratia.

280 2941 420 3014 Καρ.
463 2941 525 2998 3.
690 2941 817 2996 ibus
880 2940 1334 3007 adulescentibus,

214 3012 287 3068 im
319 3015 370 3070 J.
413 3018 547 3082 155,
584 3029 622 3067 a.
643 3029 669 3066 s
708 3011 809 3067 der
838 3011 1080 3083 jfingere
1113 3011 1333 3066 Africa.-

213 3101 312 3139 nue
349 3092 447 3154 30,
504 3083 697 3138 Lalius
749 3088 817 3138 38
863 3083 898 3138 J
901 3083 1003 3137 ahr
1060 3083 1144 3137 alt
1197 3099 1329 3137 war.

212 3154 352 3212 Einl.
388 3162 420 3224 5
460 3161 511 3211 6.

259 3244 529 3301 ‘Stoicum
581 3243 897 3314 Dioqenem.
970 3243 1074 3297 Als
1138 3232 1343 3298 dritter

213 3331 324 3370 war
360 3316 463 3372 der
501 3313 938 3370 Gesandtschaflz
980 3314 1080 3369 der
1117 3314 1341 3384 Peripa-

212 3387 417 3443 tetiker
455 3385 743 3442 Kritolaus
793 3385 1161 3455 beigegeben.
1234 3384 1341 3440 Die

213 3457 460 3514 Athener
505 3457 710 3512 hatten
771 3455 862 3512 die
909 3455 1076 3512 Stadt
1121 3456 1340 3527 Oropus

210 3544 278 3654 {e
318 3529 550 3584 liindert
585 3528 705 3582 und
753 3543 945 3582 waren
992 3527 1227 3583 deshalb
1273 3545 1342 3581 zu

256 3617 285 3654 c
327 3601 656 3656 adenersatz
702 3597 1012 3654 verurteilt.
1086 3598 1191 3653 Die
1235 3597 1341 3653 Gre-

217 3672 452 3728 sandten
498 3671 707 3727 sollten
754 3669 846 3737 die
884 3668 1068 3725 Strafe
1115 3670 1338 3724 abwen-

217 3741 340 3868 delfi
403 3731 567 3869 lllber
611 3741 935 3797 Karneades
984 3755 1083 3795 aus
1125 3738 1337 3809 Cyrene

219 3830 258 3868 s.
342 3814 404 3869 in
431 3857 444 3869 .
483 3820 515 3879 5
554 3819 636 3869 19.
1247 3847 1252 3852 -

283 3903 424 3957 alter
451 3902 818 3973 Babylonius.
876 3901 1001 3956 Den
1028 3899 1335 3955 Beinamen

216 3970 371 4028 hatte
407 3972 724 4045 Diogenes,
761 3972 893 4029 weil
928 3988 990 4027 er
1016 3987 1117 4027 aus
1148 3971 1336 4028 Selen—

218 4042 302 4098 cia
337 4046 627 4112 staminiae,
665 4061 753 4100 wo
792 4043 1008 4099 damals
1037 4043 1161 4099 eine
1189 4042 1335 4114 grie·

219 4113 446 4171 chische
477 4114 1046 4186 Philosophenschule
1080 4114 1334 4170 bestand.

284 4205 400 4259 uisi
423 4205 492 4259 in
516 4206 845 4275 quibusdam
868 4221 955 4274 pr.
986 4206 1092 4260 cet.
1156 4204 1224 4258 de
1254 4219 1332 4258 or.

221 4271 271 4325 H
306 4280 392 4344 37,
431 4279 537 4331 154
570 4293 684 4331 nou
718 4277 852 4331 tulit
876 4277 1018 4331 ullos
1044 4277 1176 4332 haec
1203 4276 1333 4329 civi—

219 4347 304 4401 tas
338 4351 440 4402 aut
485 4348 664 4417 yloria
698 4348 959 4405 clariores
998 4378 1062 4388 -
1101 4342 1201 4403 aut
1234 4347 1331 4401 hu—

1441 2351 1710 2406 manitate
1738 2351 2026 2420 politiores
2066 2351 2134 2406 P.
2164 2353 2468 2420 Africano,
2510 2353 2569 2408 Ο.

1440 2422 1665 2490 Laelio,
1713 2422 1781 2476 L.
1825 2422 2037 2491 Furio,
2088 2426 2185 2494 qui
2228 2439 2406 2478 secum
2452 2442 2573 2479 eru-

1441 2494 1741 2549 ditissimos
1784 2495 2026 2551 homiues
2073 2512 2141 2549 ex
2185 2494 2425 2550 Graecia
2462 2512 2573 2565 pa-

1443 2565 1556 2619 lam
1589 2581 1795 2633 semper
1838 2566 2165 2623 habuermtt.
2241 2568 2423 2636 Atque
2476 2583 2571 2635 eqo

1440 2636 1542 2690 hoc
1576 2648 1645 2690 ex
1679 2637 1804 2690 istis
1837 2652 1997 2706 saepe
2042 2639 2264 2704 audivi,
2312 2654 2436 2692 cum
2482 2639 2569 2692 di-

1442 2712 1623 2761 cerent
1650 2712 1975 2777 peryratum
1992 2708 2349 2764 Athenienses
2385 2713 2435 2762 et
2461 2710 2575 2764 sibi

1444 2778 1636 2845 fecisse
1670 2783 1722 2832 et
1755 2780 1944 2834 multis
1974 2781 2332 2850 principibus
2378 2781 2573 2835 civita·
2618 2807 2623 2811 ·

1442 2850 1547 2916 tis,
1600 2851 1773 2919 quod,
1810 2867 1935 2905 cum
1970 2852 2047 2907 ad
2081 2857 2329 2907 senatum
2371 2852 2576 2921 leqatos

1444 2921 1510 2975 de
1570 2921 1689 2976 suis
1753 2922 2013 2976 maximis
2068 2923 2229 2978 rebus
2282 2922 2575 2989 mitterent,

1442 2996 1552 3047 tres
1587 2992 1744 3047 illius
1771 2994 1969 3048 aetatis
2005 2994 2373 3049 nobilissimos
2390 2995 2573 3064 philo·

1440 3063 1636 3132 sophos
1673 3064 1958 3120 misissent.
2018 3066 2087 3120 S.
2126 3066 2272 3137 Ejnl.
2311 3071 2341 3132 5
2381 3072 2430 3120 6.

1512 3135 1603 3189 ius
1646 3137 1829 3203 civile,
1884 3136 1990 3191 wie
2046 3137 2100 3191 S.
2155 3124 2314 3192 Alius
2371 3135 2558 3204 Catus,

1449 3205 1671 3276 Appius
1736 3207 1914 3263 Cacus
1976 3224 2031 3262 u.
2097 3207 2317 3263 andere.
2416 3207 2572 3269 Brut,

1450 3282 1548 3346 20,
1588 3283 1671 3333 78.

1523 3350 1798 3405 orationes
1832 3365 1964 3405 suas
1992 3363 2057 3390 -’--
2095 3354 2471 3418 monumenta,
2510 3367 2573 3405 so

1449 3421 1807 3476 namentlich·
1827 3420 1966 3477 Cato
2001 3421 2060 3476 in
2090 3420 2284 3476 seinen
2312 3419 2575 3491 Origines

1449 3490 1567 3544 und
1622 3492 1722 3547 der
1758 3490 2087 3563 Sammlung
2142 3492 2326 3547 seiner
2362 3491 2575 3548 Stante-

1449 3561 1651 3628 reden3
1679 3564 1816 3617 aber
1835 3561 1981 3617 anch
2002 3562 2102 3618 der
2121 3564 2267 3619 oben
2287 3565 2573 3619 erwahnte

1450 3627 1668 3702 Appius
1724 3631 1900 3688 Cacus
1955 3633 2115 3688 hatte
2174 3635 2326 3690 seine
2379 3635 2576 3691 Reden

1447 3703 1799 3773 gesammelt.
1875 3704 1946 3758 de
1982 3721 2095 3762 sen.
2117 3712 2199 3774 ,6,
2239 3712 2322 3761 16.

1521 3781 1571 3831 6.
1610 3780 1661 3831 et
1694 3776 1839 3831 idem
1876 3776 1992 3831 alio
2025 3779 2183 3833 modo
2220 3778 2356 3848 ceta,
2393 3779 2574 3848 vergi.

1447 3845 1595 3903 Einl.
1636 3852 1667 3914 5
1705 3853 1790 3903 20.
2055 3892 2061 3899 .
2595 3888 2605 3899 .

1519 3920 1838 3975 Academici
1855 3961 1874 3988 ,
1938 3919 2186 3974 nfimlich
2232 3918 2322 3972 die
2369 3935 2573 3974 neuere

1444 3988 1783 4061 Akademie,
1822 3990 1913 4046 die
1935 3990 2044 4046 seit
2059 3989 2384 4045 Karneades
2409 3990 2572 4060 skep-

1443 4058 1596 4114 tisch
1652 4079 1793 4130 war,
1855 4062 1993 4118 aber
2049 4074 2116 4116 za
2171 4059 2392 4116 Ciceros
2451 4061 2574 4116 Zeit

1442 4132 1591 4186 nach
1629 4132 1759 4187 dem
1794 4132 2096 4215 Vorgange
2150 4133 2250 4187 des
2286 4131 2455 4187 Philo
2496 4133 2571 4202 (II

1443 4207 1496 4271 3,
1535 4205 1590 4272 9)
1643 4203 1758 4257 und
1814 4203 2124 4259 Antilochus
2186 4203 2289 4274 (III
2334 4209 2429 4271 25,
2479 4207 2570 4273 59)

1440 4273 1718 4330 zwischen
1759 4273 2210 4344 Peripatetikern
2257 4275 2374 4329 und
2423 4273 2572 4329 Stoi-

1439 4343 1582 4400 kern
1619 4363 1686 4401 zu
1722 4345 2048 4402 vermitteln
2084 4346 2299 4401 suchte.
