<?xml version="1.0" encoding="UTF-8"?>
<!DOCTYPE html PUBLIC "-//W3C//DTD XHTML 1.0 Transitional//EN"
    "http://www.w3.org/TR/xhtml1/DTD/xhtml1-transitional.dtd">
<html xmlns="http://www.w3.org/1999/xhtml" xml:lang="en" lang="en">
 <head>
  <title>
</title>
<meta http-equiv="Content-Type" content="text/html;charset=utf-8" />
  <meta name='ocr-system' content='tesseract 3.04.00' />
  <meta name='ocr-capabilities' content='ocr_page ocr_carea ocr_par ocr_line ocrx_word'/>
</head>
<body>
  <div class='ocr_page' id='page_1' title='image "./ciceronistuscul00heingoog_0166.png"; bbox 0 0 2902 4649; ppageno 0'>
   <div class='ocr_carea' id='block_1_1' title="bbox 236 313 1359 399">
    <p class='ocr_par' dir='ltr' id='par_1_1' title="bbox 236 313 1359 399">
     <span class='ocr_line' id='line_1_1' title="bbox 236 313 1359 399; baseline -0.004 -17"><span class='ocrx_word' id='word_1_1' title='bbox 236 353 244 358; x_wconf 92' lang='lat'><strong>·</strong></span> <span class='ocrx_word' id='word_1_2' title='bbox 345 317 500 382; x_wconf 73' lang='lat' dir='ltr'><strong>‘Non</strong></span> <span class='ocrx_word' id='word_1_3' title='bbox 545 323 719 381; x_wconf 90' lang='lat' dir='ltr'><strong>istam</strong></span> <span class='ocrx_word' id='word_1_4' title='bbox 766 320 911 381; x_wconf 90' lang='lat' dir='ltr'><strong>dicit</strong></span> <span class='ocrx_word' id='word_1_5' title='bbox 956 313 1359 399; x_wconf 68' lang='lat' dir='ltr'><strong>voluptatem?</strong></span> 
     </span>
    </p>
   </div>
   <div class='ocr_carea' id='block_1_2' title="bbox 236 634 327 761">
    <p class='ocr_par' dir='ltr' id='par_1_2' title="bbox 236 634 327 761">
     <span class='ocr_line' id='line_1_2' title="bbox 236 634 327 761; baseline 0 -64"><span class='ocrx_word' id='word_1_6' title='bbox 236 634 327 761; x_wconf 67' lang='grc'><strong>251</strong></span> 
     </span>
    </p>
   </div>
   <div class='ocr_carea' id='block_1_3' title="bbox 347 2363 1666 2447">
    <p class='ocr_par' dir='ltr' id='par_1_3' title="bbox 347 2363 1666 2447">
     <span class='ocr_line' id='line_1_3' title="bbox 347 2363 1666 2447; baseline -0.002 -22"><span class='ocrx_word' id='word_1_7' title='bbox 347 2367 664 2447; x_wconf 82' lang='lat' dir='ltr'><strong>exsistere,</strong></span> <span class='ocrx_word' id='word_1_8' title='bbox 712 2367 763 2425; x_wconf 92' lang='lat' dir='ltr'><strong>si</strong></span> <span class='ocrx_word' id='word_1_9' title='bbox 810 2367 1161 2444; x_wconf 89' lang='lat' dir='ltr'><strong>necopinato</strong></span> <span class='ocrx_word' id='word_1_10' title='bbox 1201 2363 1343 2444; x_wconf 87' lang='lat' dir='ltr'><strong>quid</strong></span> <span class='ocrx_word' id='word_1_11' title='bbox 1383 2365 1666 2424; x_wconf 83' lang='lat' dir='ltr'><strong>evenerit.</strong></span> 
     </span>
    </p>
   </div>
   <div class='ocr_carea' id='block_1_4' title="bbox 342 145 1913 219">
    <p class='ocr_par' dir='ltr' id='par_1_4' title="bbox 342 145 1913 219">
     <span class='ocr_line' id='line_1_4' title="bbox 342 145 1913 219; baseline -0.003 -10"><span class='ocrx_word' id='word_1_12' title='bbox 342 154 432 219; x_wconf 85' lang='lat'><strong>30</strong></span> <span class='ocrx_word' id='word_1_13' title='bbox 1128 152 1202 207; x_wconf 88' lang='grc' dir='ltr'><strong>Μ.</strong></span> <span class='ocrx_word' id='word_1_14' title='bbox 1243 150 1494 207; x_wconf 85' lang='lat' dir='ltr'>TULLII</span> <span class='ocrx_word' id='word_1_15' title='bbox 1530 145 1913 206; x_wconf 81' lang='lat' dir='ltr'>CICERONIS</span> 
     </span>
    </p>
   </div>
   <div class='ocr_carea' id='block_1_5' title="bbox 1451 314 2713 400">
    <p class='ocr_par' dir='ltr' id='par_1_5' title="bbox 1451 314 2713 400">
     <span class='ocr_line' id='line_1_5' title="bbox 1451 314 2713 400; baseline 0 -22"><span class='ocrx_word' id='word_1_16' title='bbox 1451 317 1622 378; x_wconf 87' lang='lat' dir='ltr'><strong>Dicat</strong></span> <span class='ocrx_word' id='word_1_17' title='bbox 1666 314 2021 396; x_wconf 81' lang='lat' dir='ltr'><strong>quamlibet:</strong></span> <span class='ocrx_word' id='word_1_18' title='bbox 2080 334 2296 396; x_wconf 89' lang='lat' dir='ltr'><strong>nempe</strong></span> <span class='ocrx_word' id='word_1_19' title='bbox 2354 334 2481 379; x_wconf 80' lang='lat' dir='ltr'><strong>eam</strong></span> <span class='ocrx_word' id='word_1_20' title='bbox 2538 316 2713 400; x_wconf 86' lang='lat' dir='ltr'><strong>dicit,</strong></span> 
     </span>
    </p>
   </div>
   <div class='ocr_carea' id='block_1_6' title="bbox 292 405 2711 846">
    <p class='ocr_par' dir='ltr' id='par_1_6' title="bbox 342 405 2710 666">
     <span class='ocr_line' id='line_1_6' title="bbox 342 405 2710 490; baseline -0.001 -19"><span class='ocrx_word' id='word_1_21' title='bbox 342 413 406 471; x_wconf 90' lang='lat' dir='ltr'><strong>in</strong></span> <span class='ocrx_word' id='word_1_22' title='bbox 452 428 569 490; x_wconf 87' lang='lat' dir='ltr'><strong>qua</strong></span> <span class='ocrx_word' id='word_1_23' title='bbox 615 412 854 471; x_wconf 83' lang='lat' dir='ltr'><strong>virtutis</strong></span> <span class='ocrx_word' id='word_1_24' title='bbox 900 408 1058 469; x_wconf 81' lang='lat' dir='ltr'><strong>nulla</strong></span> <span class='ocrx_word' id='word_1_25' title='bbox 1104 426 1244 487; x_wconf 83' lang='lat' dir='ltr'><strong>pars</strong></span> <span class='ocrx_word' id='word_1_26' title='bbox 1288 409 1450 468; x_wconf 87' lang='lat' dir='ltr'><strong>insit.</strong></span> <span class='ocrx_word' id='word_1_27' title='bbox 1541 406 1694 487; x_wconf 85' lang='lat' dir='ltr'><strong>Age,</strong></span> <span class='ocrx_word' id='word_1_28' title='bbox 1739 408 1791 467; x_wconf 88' lang='lat' dir='ltr'><strong>si</strong></span> <span class='ocrx_word' id='word_1_29' title='bbox 1838 405 2201 486; x_wconf 78' lang='lat' dir='ltr'><strong>voluptatem</strong></span> <span class='ocrx_word' id='word_1_30' title='bbox 2243 425 2367 467; x_wconf 89' lang='lat' dir='ltr'><strong>non</strong></span> <span class='ocrx_word' id='word_1_31' title='bbox 2411 406 2710 486; x_wconf 85' lang='lat' dir='ltr'><strong>intellegi-</strong></span> 
     </span>
     <span class='ocr_line' id='line_1_7' title="bbox 343 493 2709 581; baseline -0.001 -21"><span class='ocrx_word' id='word_1_32' title='bbox 343 518 504 581; x_wconf 89' lang='lat' dir='ltr'><strong>mus,</strong></span> <span class='ocrx_word' id='word_1_33' title='bbox 548 517 625 559; x_wconf 93' lang='lat' dir='ltr'><strong>ne</strong></span> <span class='ocrx_word' id='word_1_34' title='bbox 673 497 937 559; x_wconf 84' lang='lat' dir='ltr'><strong>dolorem</strong></span> <span class='ocrx_word' id='word_1_35' title='bbox 979 493 1265 577; x_wconf 77' lang='lat' dir='ltr'><strong>quidem?</strong></span> <span class='ocrx_word' id='word_1_36' title='bbox 1354 495 1519 575; x_wconf 92' lang='lat' dir='ltr'><strong>Nego</strong></span> <span class='ocrx_word' id='word_1_37' title='bbox 1555 497 1742 574; x_wconf 91' lang='lat' dir='ltr'><strong>igitur</strong></span> <span class='ocrx_word' id='word_1_38' title='bbox 1777 496 1908 557; x_wconf 92' lang='lat' dir='ltr'><strong>eius</strong></span> <span class='ocrx_word' id='word_1_39' title='bbox 1947 513 2107 577; x_wconf 89' lang='lat' dir='ltr'><strong>esse,</strong></span> <span class='ocrx_word' id='word_1_40' title='bbox 2154 498 2260 576; x_wconf 88' lang='lat' dir='ltr'><strong>qui</strong></span> <span class='ocrx_word' id='word_1_41' title='bbox 2292 493 2502 557; x_wconf 84' lang='lat' dir='ltr'><strong>dolore</strong></span> <span class='ocrx_word' id='word_1_42' title='bbox 2540 513 2709 557; x_wconf 68' lang='lat' dir='ltr'><strong>sum·</strong></span> 
     </span>
     <span class='ocr_line' id='line_1_8' title="bbox 344 584 2084 666; baseline -0.003 -17"><span class='ocrx_word' id='word_1_43' title='bbox 344 607 509 649; x_wconf 87' lang='lat' dir='ltr'><strong>mum</strong></span> <span class='ocrx_word' id='word_1_44' title='bbox 555 587 774 649; x_wconf 88' lang='lat' dir='ltr'><strong>malum</strong></span> <span class='ocrx_word' id='word_1_45' title='bbox 822 588 1127 666; x_wconf 88' lang='lat' dir='ltr'><strong>metiatur,</strong></span> <span class='ocrx_word' id='word_1_46' title='bbox 1173 587 1536 647; x_wconf 89' lang='lat' dir='ltr'><strong>mentionem</strong></span> <span class='ocrx_word' id='word_1_47' title='bbox 1584 584 1781 645; x_wconf 85' lang='lat' dir='ltr'><strong>facere</strong></span> <span class='ocrx_word' id='word_1_48' title='bbox 1828 586 2084 646; x_wconf 83' lang='lat' dir='ltr'><strong>virtutis.</strong></span> 
     </span>
    </p>

    <p class='ocr_par' dir='ltr' id='par_1_7' title="bbox 345 672 2711 846">
     <span class='ocr_line' id='line_1_9' title="bbox 523 672 2711 756; baseline -0.001 -18"><span class='ocrx_word' id='word_1_49' title='bbox 523 675 601 738; x_wconf 90' lang='lat' dir='ltr'><strong>Et</strong></span> <span class='ocrx_word' id='word_1_50' title='bbox 657 684 995 756; x_wconf 88' lang='lat' dir='ltr'><strong>queruntur</strong></span> <span class='ocrx_word' id='word_1_51' title='bbox 1050 675 1291 754; x_wconf 87' lang='lat' dir='ltr'><strong>quidam</strong></span> <span class='ocrx_word' id='word_1_52' title='bbox 1344 672 1657 754; x_wconf 82' lang='lat' dir='ltr'><strong>Epicurei,</strong></span> <span class='ocrx_word' id='word_1_53' title='bbox 1711 675 1823 733; x_wconf 85' lang='lat' dir='ltr'><strong>viri</strong></span> <span class='ocrx_word' id='word_1_54' title='bbox 1883 675 2093 753; x_wconf 89' lang='lat' dir='ltr'><strong>optimi</strong></span> <span class='ocrx_word' id='word_1_55' title='bbox 2144 708 2221 718; x_wconf 92' lang='lat'><em>-</em></span> <span class='ocrx_word' id='word_1_56' title='bbox 2273 691 2407 735; x_wconf 85' lang='lat' dir='ltr'><strong>nam</strong></span> <span class='ocrx_word' id='word_1_57' title='bbox 2468 673 2711 736; x_wconf 82' lang='lat' dir='ltr'><strong>nullum</strong></span> 
     </span>
     <span class='ocr_line' id='line_1_10' title="bbox 292 712 2709 846; baseline -0.002 -18.909"><span class='ocrx_word' id='word_1_58' title='bbox 292 712 535 846; x_wconf 78' lang='lat' dir='ltr'><strong>Ogenus</strong></span> <span class='ocrx_word' id='word_1_59' title='bbox 591 775 688 827; x_wconf 86' lang='lat' dir='ltr'><strong>est</strong></span> <span class='ocrx_word' id='word_1_60' title='bbox 741 767 939 826; x_wconf 89' lang='lat' dir='ltr'><strong>minus</strong></span> <span class='ocrx_word' id='word_1_61' title='bbox 997 763 1355 825; x_wconf 88' lang='lat' dir='ltr'><strong>malitiosum</strong></span> <span class='ocrx_word' id='word_1_62' title='bbox 1407 796 1516 844; x_wconf 93' lang='lat'><strong>—,</strong></span> <span class='ocrx_word' id='word_1_63' title='bbox 1569 781 1663 823; x_wconf 94' lang='lat' dir='ltr'><strong>me</strong></span> <span class='ocrx_word' id='word_1_64' title='bbox 1720 762 1984 823; x_wconf 85' lang='lat' dir='ltr'><strong>studiose</strong></span> <span class='ocrx_word' id='word_1_65' title='bbox 2041 762 2242 825; x_wconf 82' lang='lat' dir='ltr'><strong>dicere</strong></span> <span class='ocrx_word' id='word_1_66' title='bbox 2298 771 2507 825; x_wconf 83' lang='lat' dir='ltr'><strong>contra</strong></span> <span class='ocrx_word' id='word_1_67' title='bbox 2561 762 2709 842; x_wconf 82' lang='lat' dir='ltr'><strong>Epi—</strong></span> 
     </span>
    </p>
   </div>
   <div class='ocr_carea' id='block_1_7' title="bbox 345 850 2482 935">
    <p class='ocr_par' dir='ltr' id='par_1_8' title="bbox 345 850 2482 935">
     <span class='ocr_line' id='line_1_11' title="bbox 345 850 2482 935; baseline -0.002 -18"><span class='ocrx_word' id='word_1_68' title='bbox 345 873 577 917; x_wconf 89' lang='lat' dir='ltr'><strong>curum.</strong></span> <span class='ocrx_word' id='word_1_69' title='bbox 668 853 784 935; x_wconf 90' lang='lat' dir='ltr'><strong>Ita,</strong></span> <span class='ocrx_word' id='word_1_70' title='bbox 830 853 1040 935; x_wconf 92' lang='lat' dir='ltr'><strong>credo,</strong></span> <span class='ocrx_word' id='word_1_71' title='bbox 1086 853 1159 913; x_wconf 92' lang='lat' dir='ltr'><strong>de</strong></span> <span class='ocrx_word' id='word_1_72' title='bbox 1197 852 1425 913; x_wconf 84' lang='lat' dir='ltr'><strong>honore</strong></span> <span class='ocrx_word' id='word_1_73' title='bbox 1474 860 1578 913; x_wconf 89' lang='lat' dir='ltr'><strong>aut</strong></span> <span class='ocrx_word' id='word_1_74' title='bbox 1613 851 1686 911; x_wconf 92' lang='lat' dir='ltr'><strong>de</strong></span> <span class='ocrx_word' id='word_1_75' title='bbox 1725 850 2010 930; x_wconf 65' lang='lat' dir='ltr'><strong>dignitate</strong></span> <span class='ocrx_word' id='word_1_76' title='bbox 2047 852 2482 914; x_wconf 82' lang='lat' dir='ltr'><strong>contendimus.</strong></span> 
     </span>
    </p>
   </div>
   <div class='ocr_carea' id='block_1_8' title="bbox 2553 851 2710 916">
    <p class='ocr_par' dir='ltr' id='par_1_9' title="bbox 2553 851 2710 916">
     <span class='ocr_line' id='line_1_12' title="bbox 2553 851 2710 916; baseline 0 -3"><span class='ocrx_word' id='word_1_77' title='bbox 2553 851 2710 916; x_wconf 71' lang='lat' dir='ltr'><strong>Mihi</strong></span> 
     </span>
    </p>
   </div>
   <div class='ocr_carea' id='block_1_9' title="bbox 256 940 2708 2267">
    <p class='ocr_par' dir='ltr' id='par_1_10' title="bbox 256 940 2708 2267">
     <span class='ocr_line' id='line_1_13' title="bbox 346 940 2708 1022; baseline -0 -17"><span class='ocrx_word' id='word_1_78' title='bbox 346 962 647 1005; x_wconf 90' lang='lat' dir='ltr'><strong>summum</strong></span> <span class='ocrx_word' id='word_1_79' title='bbox 692 946 754 1004; x_wconf 93' lang='lat' dir='ltr'><strong>in</strong></span> <span class='ocrx_word' id='word_1_80' title='bbox 801 945 998 1004; x_wconf 87' lang='lat' dir='ltr'><strong>animo</strong></span> <span class='ocrx_word' id='word_1_81' title='bbox 1045 942 1270 1003; x_wconf 91' lang='lat' dir='ltr'><strong>bonum</strong></span> <span class='ocrx_word' id='word_1_82' title='bbox 1314 941 1577 1021; x_wconf 84' lang='lat' dir='ltr'><strong>videtur,</strong></span> <span class='ocrx_word' id='word_1_83' title='bbox 1623 940 1710 1001; x_wconf 90' lang='lat' dir='ltr'><strong>illi</strong></span> <span class='ocrx_word' id='word_1_84' title='bbox 1755 948 1955 1001; x_wconf 86' lang='lat' dir='ltr'><strong>autem</strong></span> <span class='ocrx_word' id='word_1_85' title='bbox 2001 942 2064 1001; x_wconf 92' lang='lat' dir='ltr'><strong>in</strong></span> <span class='ocrx_word' id='word_1_86' title='bbox 2111 960 2389 1022; x_wconf 87' lang='lat' dir='ltr'><strong>corpore;</strong></span> <span class='ocrx_word' id='word_1_87' title='bbox 2444 940 2592 1002; x_wconf 88' lang='lat' dir='ltr'><strong>mihi</strong></span> <span class='ocrx_word' id='word_1_88' title='bbox 2640 943 2708 1004; x_wconf 83' lang='lat' dir='ltr'><strong>in</strong></span> 
     </span>
     <span class='ocr_line' id='line_1_14' title="bbox 345 1028 2707 1114; baseline 0 -22"><span class='ocrx_word' id='word_1_89' title='bbox 345 1035 595 1114; x_wconf 85' lang='lat' dir='ltr'><strong>virtute,</strong></span> <span class='ocrx_word' id='word_1_90' title='bbox 655 1032 741 1093; x_wconf 85' lang='lat' dir='ltr'><strong>illi</strong></span> <span class='ocrx_word' id='word_1_91' title='bbox 799 1035 861 1093; x_wconf 92' lang='lat' dir='ltr'><strong>in</strong></span> <span class='ocrx_word' id='word_1_92' title='bbox 911 1030 1226 1111; x_wconf 89' lang='lat' dir='ltr'><strong>voluptate.</strong></span> <span class='ocrx_word' id='word_1_93' title='bbox 1318 1028 1396 1090; x_wconf 89' lang='lat' dir='ltr'><strong>Et</strong></span> <span class='ocrx_word' id='word_1_94' title='bbox 1459 1029 1546 1090; x_wconf 90' lang='lat' dir='ltr'><strong>illi</strong></span> <span class='ocrx_word' id='word_1_95' title='bbox 1607 1037 1876 1109; x_wconf 81' lang='lat' dir='ltr'><strong>pugnant</strong></span> <span class='ocrx_word' id='word_1_96' title='bbox 1939 1038 2001 1090; x_wconf 92' lang='lat' dir='ltr'><strong>et</strong></span> <span class='ocrx_word' id='word_1_97' title='bbox 2065 1031 2304 1109; x_wconf 90' lang='lat' dir='ltr'><strong>quidem</strong></span> <span class='ocrx_word' id='word_1_98' title='bbox 2367 1032 2707 1092; x_wconf 83' lang='lat' dir='ltr'><strong>vicinorum</strong></span> 
     </span>
     <span class='ocr_line' id='line_1_15' title="bbox 343 1119 2707 1201; baseline 0.001 -19"><span class='ocrx_word' id='word_1_99' title='bbox 343 1122 520 1182; x_wconf 86' lang='lat' dir='ltr'><strong>fidem</strong></span> <span class='ocrx_word' id='word_1_100' title='bbox 568 1121 896 1201; x_wconf 79' lang='lat' dir='ltr'><strong>inplorant3</strong></span> <span class='ocrx_word' id='word_1_101' title='bbox 950 1119 1122 1181; x_wconf 85' lang='lat' dir='ltr'><strong>multi</strong></span> <span class='ocrx_word' id='word_1_102' title='bbox 1168 1127 1369 1181; x_wconf 91' lang='lat' dir='ltr'><strong>autem</strong></span> <span class='ocrx_word' id='word_1_103' title='bbox 1414 1126 1558 1180; x_wconf 89' lang='lat' dir='ltr'><strong>sunt</strong></span> <span class='ocrx_word' id='word_1_104' title='bbox 1603 1120 1706 1197; x_wconf 87' lang='lat' dir='ltr'><strong>qui</strong></span> <span class='ocrx_word' id='word_1_105' title='bbox 1752 1119 1950 1179; x_wconf 89' lang='lat' dir='ltr'><strong>statim</strong></span> <span class='ocrx_word' id='word_1_106' title='bbox 1999 1119 2339 1181; x_wconf 81' lang='lat' dir='ltr'><strong>convolent:</strong></span> <span class='ocrx_word' id='word_1_107' title='bbox 2394 1137 2506 1198; x_wconf 85' lang='lat' dir='ltr'><strong>ego</strong></span> <span class='ocrx_word' id='word_1_108' title='bbox 2565 1138 2707 1184; x_wconf 81' lang='lat' dir='ltr'><strong>sum</strong></span> 
     </span>
     <span class='ocr_line' id='line_1_16' title="bbox 342 1206 2707 1291; baseline -0 -20"><span class='ocrx_word' id='word_1_109' title='bbox 342 1213 421 1291; x_wconf 77' lang='lat' dir='ltr'><strong>ie,</strong></span> <span class='ocrx_word' id='word_1_110' title='bbox 477 1212 583 1289; x_wconf 92' lang='lat' dir='ltr'><strong>qui</strong></span> <span class='ocrx_word' id='word_1_111' title='bbox 639 1210 830 1271; x_wconf 86' lang='lat' dir='ltr'><strong>dicam</strong></span> <span class='ocrx_word' id='word_1_112' title='bbox 885 1228 981 1270; x_wconf 90' lang='lat' dir='ltr'><strong>me</strong></span> <span class='ocrx_word' id='word_1_113' title='bbox 1037 1227 1159 1269; x_wconf 92' lang='lat' dir='ltr'><strong>non</strong></span> <span class='ocrx_word' id='word_1_114' title='bbox 1212 1207 1512 1288; x_wconf 86' lang='lat' dir='ltr'><strong>laborare,</strong></span> <span class='ocrx_word' id='word_1_115' title='bbox 1576 1214 1776 1267; x_wconf 87' lang='lat' dir='ltr'><strong>actum</strong></span> <span class='ocrx_word' id='word_1_116' title='bbox 1832 1206 2177 1268; x_wconf 86' lang='lat' dir='ltr'><strong>habiturum</strong></span> <span class='ocrx_word' id='word_1_117' title='bbox 2233 1208 2392 1288; x_wconf 87' lang='lat' dir='ltr'><strong>quod</strong></span> <span class='ocrx_word' id='word_1_118' title='bbox 2446 1211 2707 1287; x_wconf 74' lang='lat' dir='ltr'><strong>egerint.</strong></span> 
     </span>
     <span class='ocr_line' id='line_1_17' title="bbox 256 1292 2703 1377; baseline -0.001 -17"><span class='ocrx_word' id='word_1_119' title='bbox 256 1312 322 1360; x_wconf 82' lang='lat'><strong>51</strong></span> <span class='ocrx_word' id='word_1_120' title='bbox 344 1298 500 1371; x_wconf 87' lang='lat' dir='ltr'><strong>Quid</strong></span> <span class='ocrx_word' id='word_1_121' title='bbox 557 1295 759 1359; x_wconf 79' lang='lat' dir='ltr'><strong>enim?</strong></span> <span class='ocrx_word' id='word_1_122' title='bbox 822 1298 896 1360; x_wconf 93' lang='lat' dir='ltr'><strong>de</strong></span> <span class='ocrx_word' id='word_1_123' title='bbox 952 1297 1107 1358; x_wconf 92' lang='lat' dir='ltr'><strong>bello</strong></span> <span class='ocrx_word' id='word_1_124' title='bbox 1152 1297 1379 1358; x_wconf 90' lang='lat' dir='ltr'><strong>Punico</strong></span> <span class='ocrx_word' id='word_1_125' title='bbox 1438 1292 1678 1376; x_wconf 76' lang='lat' dir='ltr'><strong>agitur?</strong></span> <span class='ocrx_word' id='word_1_126' title='bbox 1742 1296 1814 1356; x_wconf 92' lang='lat' dir='ltr'><strong>de</strong></span> <span class='ocrx_word' id='word_1_127' title='bbox 1873 1314 1991 1375; x_wconf 89' lang='lat' dir='ltr'><strong>quo</strong></span> <span class='ocrx_word' id='word_1_128' title='bbox 2046 1300 2177 1377; x_wconf 89' lang='lat' dir='ltr'><strong>ipso</strong></span> <span class='ocrx_word' id='word_1_129' title='bbox 2232 1316 2371 1358; x_wconf 88' lang='lat' dir='ltr'><strong>cum</strong></span> <span class='ocrx_word' id='word_1_130' title='bbox 2417 1296 2576 1359; x_wconf 84' lang='lat' dir='ltr'><strong>aliud</strong></span> <span class='ocrx_word' id='word_1_131' title='bbox 2621 1297 2703 1357; x_wconf 87' lang='grc' dir='ltr'><strong>Μ.</strong></span> 
     </span>
     <span class='ocr_line' id='line_1_18' title="bbox 346 1384 2700 1464; baseline 0.001 -16"><span class='ocrx_word' id='word_1_132' title='bbox 346 1387 555 1449; x_wconf 89' lang='lat' dir='ltr'><strong>Catoni</strong></span> <span class='ocrx_word' id='word_1_133' title='bbox 602 1387 759 1448; x_wconf 89' lang='lat' dir='ltr'><strong>aliud</strong></span> <span class='ocrx_word' id='word_1_134' title='bbox 803 1386 870 1447; x_wconf 88' lang='lat' dir='ltr'><strong>L.</strong></span> <span class='ocrx_word' id='word_1_135' title='bbox 916 1385 1169 1448; x_wconf 88' lang='lat' dir='ltr'><strong>Lentulo</strong></span> <span class='ocrx_word' id='word_1_136' title='bbox 1215 1386 1547 1464; x_wconf 81' lang='lat' dir='ltr'><strong>videretur,</strong></span> <span class='ocrx_word' id='word_1_137' title='bbox 1593 1384 1754 1445; x_wconf 90' lang='lat' dir='ltr'><strong>nulla</strong></span> <span class='ocrx_word' id='word_1_138' title='bbox 1799 1387 1958 1446; x_wconf 86' lang='lat' dir='ltr'><strong>inter</strong></span> <span class='ocrx_word' id='word_1_139' title='bbox 2000 1404 2107 1446; x_wconf 87' lang='lat' dir='ltr'><strong>eos</strong></span> <span class='ocrx_word' id='word_1_140' title='bbox 2152 1389 2519 1448; x_wconf 85' lang='lat' dir='ltr'><strong>concertatio</strong></span> <span class='ocrx_word' id='word_1_141' title='bbox 2567 1405 2700 1450; x_wconf 82' lang='lat' dir='ltr'><strong>um-</strong></span> 
     </span>
     <span class='ocr_line' id='line_1_19' title="bbox 345 1474 2704 1556; baseline -0 -19"><span class='ocrx_word' id='word_1_142' title='bbox 345 1495 524 1556; x_wconf 89' lang='lat' dir='ltr'><strong>quam</strong></span> <span class='ocrx_word' id='word_1_143' title='bbox 573 1477 700 1537; x_wconf 85' lang='lat' dir='ltr'><strong>fuit.</strong></span> <span class='ocrx_word' id='word_1_144' title='bbox 793 1475 869 1536; x_wconf 91' lang='lat' dir='ltr'><strong>Hi</strong></span> <span class='ocrx_word' id='word_1_145' title='bbox 915 1477 1094 1536; x_wconf 89' lang='lat' dir='ltr'><strong>nimis</strong></span> <span class='ocrx_word' id='word_1_146' title='bbox 1138 1474 1424 1536; x_wconf 84' lang='lat' dir='ltr'><strong>iracunde</strong></span> <span class='ocrx_word' id='word_1_147' title='bbox 1470 1482 1680 1553; x_wconf 89' lang='lat' dir='ltr'><strong>agunt,</strong></span> <span class='ocrx_word' id='word_1_148' title='bbox 1724 1476 2080 1553; x_wconf 82' lang='lat' dir='ltr'><strong>praesertim</strong></span> <span class='ocrx_word' id='word_1_149' title='bbox 2127 1493 2265 1536; x_wconf 90' lang='lat' dir='ltr'><strong>cum</strong></span> <span class='ocrx_word' id='word_1_150' title='bbox 2319 1474 2392 1536; x_wconf 88' lang='lat' dir='ltr'><strong>ab</strong></span> <span class='ocrx_word' id='word_1_151' title='bbox 2446 1477 2522 1536; x_wconf 91' lang='lat' dir='ltr'><strong>iis</strong></span> <span class='ocrx_word' id='word_1_152' title='bbox 2577 1493 2704 1538; x_wconf 88' lang='lat' dir='ltr'><strong>non</strong></span> 
     </span>
     <span class='ocr_line' id='line_1_20' title="bbox 343 1564 2705 1645; baseline 0 -20"><span class='ocrx_word' id='word_1_153' title='bbox 343 1583 486 1626; x_wconf 87' lang='lat' dir='ltr'><strong>sane</strong></span> <span class='ocrx_word' id='word_1_154' title='bbox 547 1567 811 1625; x_wconf 84' lang='lat' dir='ltr'><strong>animosa</strong></span> <span class='ocrx_word' id='word_1_155' title='bbox 865 1564 1218 1626; x_wconf 81' lang='lat' dir='ltr'><strong>defendatur</strong></span> <span class='ocrx_word' id='word_1_156' title='bbox 1273 1565 1598 1642; x_wconf 79' lang='lat' dir='ltr'><strong>sententia,</strong></span> <span class='ocrx_word' id='word_1_157' title='bbox 1650 1581 1761 1642; x_wconf 92' lang='lat' dir='ltr'><strong>pro</strong></span> <span class='ocrx_word' id='word_1_158' title='bbox 1820 1581 1935 1642; x_wconf 85' lang='lat' dir='ltr'><strong>qua</strong></span> <span class='ocrx_word' id='word_1_159' title='bbox 1988 1581 2109 1626; x_wconf 86' lang='lat' dir='ltr'><strong>non</strong></span> <span class='ocrx_word' id='word_1_160' title='bbox 2164 1566 2227 1626; x_wconf 92' lang='lat' dir='ltr'><strong>in</strong></span> <span class='ocrx_word' id='word_1_161' title='bbox 2285 1572 2525 1645; x_wconf 88' lang='lat' dir='ltr'><strong>senatu,</strong></span> <span class='ocrx_word' id='word_1_162' title='bbox 2576 1583 2705 1626; x_wconf 80' lang='lat' dir='ltr'><strong>non</strong></span> 
     </span>
     <span class='ocr_line' id='line_1_21' title="bbox 342 1651 2704 1734; baseline -0.001 -19"><span class='ocrx_word' id='word_1_163' title='bbox 342 1657 407 1715; x_wconf 92' lang='lat' dir='ltr'><strong>in</strong></span> <span class='ocrx_word' id='word_1_164' title='bbox 445 1656 753 1734; x_wconf 86' lang='lat' dir='ltr'><strong>contione,</strong></span> <span class='ocrx_word' id='word_1_165' title='bbox 798 1672 918 1715; x_wconf 90' lang='lat' dir='ltr'><strong>non</strong></span> <span class='ocrx_word' id='word_1_166' title='bbox 957 1653 1112 1733; x_wconf 85' lang='lat' dir='ltr'><strong>apud</strong></span> <span class='ocrx_word' id='word_1_167' title='bbox 1150 1655 1483 1714; x_wconf 86' lang='lat' dir='ltr'><strong>exercitum</strong></span> <span class='ocrx_word' id='word_1_168' title='bbox 1522 1669 1719 1730; x_wconf 89' lang='lat' dir='ltr'><strong>neque</strong></span> <span class='ocrx_word' id='word_1_169' title='bbox 1756 1651 1829 1712; x_wconf 89' lang='lat' dir='ltr'><strong>ad</strong></span> <span class='ocrx_word' id='word_1_170' title='bbox 1866 1670 2151 1714; x_wconf 84' lang='lat' dir='ltr'><strong>censores</strong></span> <span class='ocrx_word' id='word_1_171' title='bbox 2187 1653 2388 1714; x_wconf 84' lang='lat' dir='ltr'><strong>dicere</strong></span> <span class='ocrx_word' id='word_1_172' title='bbox 2425 1653 2704 1715; x_wconf 78' lang='lat' dir='ltr'><strong>audeant.</strong></span> 
     </span>
     <span class='ocr_line' id='line_1_22' title="bbox 348 1739 2703 1820; baseline 0 -17"><span class='ocrx_word' id='word_1_173' title='bbox 348 1742 466 1803; x_wconf 92' lang='lat' dir='ltr'><strong>Sed</strong></span> <span class='ocrx_word' id='word_1_174' title='bbox 512 1761 648 1803; x_wconf 91' lang='lat' dir='ltr'><strong>cum</strong></span> <span class='ocrx_word' id='word_1_175' title='bbox 695 1744 828 1803; x_wconf 88' lang='lat' dir='ltr'><strong>istis</strong></span> <span class='ocrx_word' id='word_1_176' title='bbox 873 1743 1043 1820; x_wconf 79' lang='lat' dir='ltr'><strong>aliaS,</strong></span> <span class='ocrx_word' id='word_1_177' title='bbox 1089 1751 1150 1802; x_wconf 90' lang='lat' dir='ltr'><strong>et</strong></span> <span class='ocrx_word' id='word_1_178' title='bbox 1196 1759 1268 1801; x_wconf 89' lang='lat' dir='ltr'><strong>eo</strong></span> <span class='ocrx_word' id='word_1_179' title='bbox 1317 1741 1556 1820; x_wconf 88' lang='lat' dir='ltr'><strong>quidem</strong></span> <span class='ocrx_word' id='word_1_180' title='bbox 1603 1742 1827 1820; x_wconf 90' lang='lat' dir='ltr'><strong>animo,</strong></span> <span class='ocrx_word' id='word_1_181' title='bbox 1873 1739 2103 1802; x_wconf 90' lang='lat' dir='ltr'><strong>nullum</strong></span> <span class='ocrx_word' id='word_1_182' title='bbox 2150 1750 2219 1803; x_wconf 87' lang='lat' dir='ltr'><strong>ut</strong></span> <span class='ocrx_word' id='word_1_183' title='bbox 2264 1750 2564 1804; x_wconf 87' lang='lat' dir='ltr'><strong>certamen</strong></span> <span class='ocrx_word' id='word_1_184' title='bbox 2610 1745 2703 1803; x_wconf 87' lang='lat' dir='ltr'><strong>in·</strong></span> 
     </span>
     <span class='ocr_line' id='line_1_23' title="bbox 346 1829 2706 1913; baseline 0 -21"><span class='ocrx_word' id='word_1_185' title='bbox 346 1833 616 1913; x_wconf 86' lang='lat' dir='ltr'><strong>stituam,</strong></span> <span class='ocrx_word' id='word_1_186' title='bbox 678 1849 889 1892; x_wconf 82' lang='lat' dir='ltr'><strong>verum</strong></span> <span class='ocrx_word' id='word_1_187' title='bbox 949 1830 1287 1893; x_wconf 89' lang='lat' dir='ltr'><strong>dicentibus</strong></span> <span class='ocrx_word' id='word_1_188' title='bbox 1349 1829 1522 1890; x_wconf 83' lang='lat' dir='ltr'><strong>facile</strong></span> <span class='ocrx_word' id='word_1_189' title='bbox 1589 1829 1811 1892; x_wconf 83' lang='lat' dir='ltr'><strong>cedam.</strong></span> <span class='ocrx_word' id='word_1_190' title='bbox 1903 1829 2159 1891; x_wconf 85' lang='lat' dir='ltr'><strong>Tantum</strong></span> <span class='ocrx_word' id='word_1_191' title='bbox 2224 1830 2583 1913; x_wconf 85' lang='lat' dir='ltr'><strong>admonebo,</strong></span> <span class='ocrx_word' id='word_1_192' title='bbox 2647 1833 2706 1892; x_wconf 88' lang='lat' dir='ltr'><strong>si</strong></span> 
     </span>
     <span class='ocr_line' id='line_1_24' title="bbox 345 1919 2706 2001; baseline -0 -21"><span class='ocrx_word' id='word_1_193' title='bbox 345 1923 597 1981; x_wconf 86' lang='lat' dir='ltr'><strong>maxime</strong></span> <span class='ocrx_word' id='word_1_194' title='bbox 645 1938 850 1981; x_wconf 88' lang='lat' dir='ltr'><strong>verum</strong></span> <span class='ocrx_word' id='word_1_195' title='bbox 916 1922 996 1980; x_wconf 88' lang='lat' dir='ltr'><strong>sit</strong></span> <span class='ocrx_word' id='word_1_196' title='bbox 1057 1919 1131 1980; x_wconf 84' lang='lat' dir='ltr'><strong>ad</strong></span> <span class='ocrx_word' id='word_1_197' title='bbox 1195 1937 1417 1997; x_wconf 89' lang='lat' dir='ltr'><strong>corpus</strong></span> <span class='ocrx_word' id='word_1_198' title='bbox 1478 1920 1673 1978; x_wconf 88' lang='lat' dir='ltr'><strong>omnia</strong></span> <span class='ocrx_word' id='word_1_199' title='bbox 1732 1919 1962 1979; x_wconf 82' lang='lat' dir='ltr'><strong>referre</strong></span> <span class='ocrx_word' id='word_1_200' title='bbox 2025 1921 2354 1998; x_wconf 83' lang='lat' dir='ltr'><strong>sapientem</strong></span> <span class='ocrx_word' id='word_1_201' title='bbox 2418 1922 2567 2001; x_wconf 85' lang='lat' dir='ltr'><strong>sive,</strong></span> <span class='ocrx_word' id='word_1_202' title='bbox 2630 1928 2706 1980; x_wconf 88' lang='grc' dir='ltr'><strong>ιιι</strong></span> 
     </span>
     <span class='ocr_line' id='line_1_25' title="bbox 344 2006 2700 2090; baseline 0 -21"><span class='ocrx_word' id='word_1_203' title='bbox 344 2008 654 2070; x_wconf 89' lang='lat' dir='ltr'><strong>honestius</strong></span> <span class='ocrx_word' id='word_1_204' title='bbox 701 2009 919 2090; x_wconf 84' lang='lat' dir='ltr'><strong>dicam,</strong></span> <span class='ocrx_word' id='word_1_205' title='bbox 976 2007 1124 2069; x_wconf 90' lang='lat' dir='ltr'><strong>nihil</strong></span> <span class='ocrx_word' id='word_1_206' title='bbox 1178 2009 1375 2069; x_wconf 83' lang='lat' dir='ltr'><strong>facere</strong></span> <span class='ocrx_word' id='word_1_207' title='bbox 1429 2009 1547 2068; x_wconf 90' lang='lat' dir='ltr'><strong>nisi</strong></span> <span class='ocrx_word' id='word_1_208' title='bbox 1602 2006 1763 2085; x_wconf 87' lang='lat' dir='ltr'><strong>quod</strong></span> <span class='ocrx_word' id='word_1_209' title='bbox 1820 2007 2120 2090; x_wconf 86' lang='lat' dir='ltr'><strong>expediat,</strong></span> <span class='ocrx_word' id='word_1_210' title='bbox 2173 2010 2297 2069; x_wconf 87' lang='lat' dir='ltr'><strong>sive</strong></span> <span class='ocrx_word' id='word_1_211' title='bbox 2350 2010 2550 2070; x_wconf 90' lang='lat' dir='ltr'><strong>omnia</strong></span> <span class='ocrx_word' id='word_1_212' title='bbox 2605 2013 2700 2069; x_wconf 87' lang='lat' dir='ltr'><strong>re-</strong></span> 
     </span>
     <span class='ocr_line' id='line_1_26' title="bbox 344 2094 2704 2179; baseline 0.001 -22"><span class='ocrx_word' id='word_1_213' title='bbox 344 2098 503 2159; x_wconf 81' lang='lat' dir='ltr'><strong>ferre</strong></span> <span class='ocrx_word' id='word_1_214' title='bbox 552 2097 624 2158; x_wconf 90' lang='lat' dir='ltr'><strong>ad</strong></span> <span class='ocrx_word' id='word_1_215' title='bbox 670 2098 986 2159; x_wconf 88' lang='lat' dir='ltr'><strong>utilitatem</strong></span> <span class='ocrx_word' id='word_1_216' title='bbox 1043 2115 1237 2177; x_wconf 85' lang='lat' dir='ltr'><strong>suam,</strong></span> <span class='ocrx_word' id='word_1_217' title='bbox 1293 2099 1573 2175; x_wconf 85' lang='lat' dir='ltr'><strong>quoniam</strong></span> <span class='ocrx_word' id='word_1_218' title='bbox 1628 2095 1775 2157; x_wconf 84' lang='lat' dir='ltr'><strong>haec</strong></span> <span class='ocrx_word' id='word_1_219' title='bbox 1830 2094 2165 2175; x_wconf 86' lang='lat' dir='ltr'><strong>plausibilia</strong></span> <span class='ocrx_word' id='word_1_220' title='bbox 2222 2115 2342 2158; x_wconf 91' lang='lat' dir='ltr'><strong>non</strong></span> <span class='ocrx_word' id='word_1_221' title='bbox 2399 2104 2567 2179; x_wconf 89' lang='lat' dir='ltr'><strong>sunt,</strong></span> <span class='ocrx_word' id='word_1_222' title='bbox 2631 2106 2704 2160; x_wconf 75' lang='lat' dir='ltr'><strong>ut.</strong></span> 
     </span>
     <span class='ocr_line' id='line_1_27' title="bbox 343 2184 1808 2267; baseline -0.002 -20"><span class='ocrx_word' id='word_1_223' title='bbox 343 2188 407 2247; x_wconf 89' lang='lat' dir='ltr'><strong>in</strong></span> <span class='ocrx_word' id='word_1_224' title='bbox 453 2189 589 2247; x_wconf 89' lang='lat' dir='ltr'><strong>sinu</strong></span> <span class='ocrx_word' id='word_1_225' title='bbox 636 2187 955 2267; x_wconf 82' lang='lat' dir='ltr'><strong>gaudeant,</strong></span> <span class='ocrx_word' id='word_1_226' title='bbox 1003 2186 1258 2264; x_wconf 85' lang='lat' dir='ltr'><strong>gloriose</strong></span> <span class='ocrx_word' id='word_1_227' title='bbox 1305 2184 1472 2264; x_wconf 89' lang='lat' dir='ltr'><strong>loqui</strong></span> <span class='ocrx_word' id='word_1_228' title='bbox 1518 2185 1808 2245; x_wconf 82' lang='lat' dir='ltr'><strong>desinant.</strong></span> 
     </span>
    </p>
   </div>
   <div class='ocr_carea' id='block_1_10' title="bbox 343 2533 1466 2691">
    <p class='ocr_par' dir='ltr' id='par_1_11' title="bbox 343 2533 1466 2679">
     <span class='ocr_line' id='line_1_28' title="bbox 414 2533 1465 2622; baseline -0.002 -15"><span class='ocrx_word' id='word_1_229' title='bbox 414 2554 535 2622; x_wconf 61' lang='lat'><strong>2192</strong></span> <span class='ocrx_word' id='word_1_230' title='bbox 585 2555 638 2608; x_wconf 65' lang='grc' dir='ltr'><strong>ει·</strong></span> <span class='ocrx_word' id='word_1_231' title='bbox 689 2554 1035 2622; x_wconf 66' lang='lat' dir='ltr'><strong>voluptatem.</strong></span> <span class='ocrx_word' id='word_1_232' title='bbox 1114 2533 1322 2607; x_wconf 69' lang='lat' dir='ltr'><strong>wellia</strong></span> <span class='ocrx_word' id='word_1_233' title='bbox 1360 2553 1465 2606; x_wconf 78' lang='lat' dir='ltr'><strong>wir</strong></span> 
     </span>
     <span class='ocr_line' id='line_1_29' title="bbox 343 2624 1466 2691; baseline -0.002 -12"><span class='ocrx_word' id='word_1_234' title='bbox 343 2624 494 2679; x_wconf 78' lang='lat' dir='ltr'><strong>deun</strong></span> <span class='ocrx_word' id='word_1_235' title='bbox 546 2624 707 2679; x_wconf 78' lang='lat' dir='ltr'><strong>nicht</strong></span> <span class='ocrx_word' id='word_1_236' title='bbox 759 2625 1083 2691; x_wconf 75' lang='lat' dir='ltr'><strong>verstehen‚</strong></span> <span class='ocrx_word' id='word_1_237' title='bbox 1156 2640 1269 2678; x_wconf 75' lang='lat' dir='ltr'><strong>was</strong></span> <span class='ocrx_word' id='word_1_238' title='bbox 1324 2624 1466 2677; x_wconf 73' lang='lat' dir='ltr'><strong>Lusi:</strong></span> 
     </span>
    </p>
   </div>
   <div class='ocr_carea' id='block_1_11' title="bbox 342 2694 1466 2766">
    <p class='ocr_par' dir='ltr' id='par_1_12' title="bbox 342 2694 1466 2766">
     <span class='ocr_line' id='line_1_30' title="bbox 342 2694 1466 2766; baseline -0.001 -17"><span class='ocrx_word' id='word_1_239' title='bbox 342 2694 446 2764; x_wconf 73' lang='lat' dir='ltr'><strong>ist,</strong></span> <span class='ocrx_word' id='word_1_240' title='bbox 483 2712 547 2751; x_wconf 89' lang='lat' dir='ltr'><strong>so</strong></span> <span class='ocrx_word' id='word_1_241' title='bbox 580 2696 805 2751; x_wconf 82' lang='lat' dir='ltr'><strong>kennen</strong></span> <span class='ocrx_word' id='word_1_242' title='bbox 840 2695 948 2750; x_wconf 80' lang='lat' dir='ltr'><strong>wir</strong></span> <span class='ocrx_word' id='word_1_243' title='bbox 978 2695 1318 2766; x_wconf 83' lang='lat' dir='ltr'><strong>wenigstens</strong></span> <span class='ocrx_word' id='word_1_244' title='bbox 1355 2694 1466 2749; x_wconf 89' lang='lat' dir='ltr'><strong>den</strong></span> 
     </span>
    </p>
   </div>
   <div class='ocr_carea' id='block_1_12' title="bbox 341 2765 1469 4387">
    <p class='ocr_par' dir='ltr' id='par_1_13' title="bbox 342 2765 1468 3320">
     <span class='ocr_line' id='line_1_31' title="bbox 343 2765 1465 2835; baseline -0.002 -14"><span class='ocrx_word' id='word_1_245' title='bbox 343 2766 632 2835; x_wconf 71' lang='lat' dir='ltr'><strong>Schuetz,</strong></span> <span class='ocrx_word' id='word_1_246' title='bbox 687 2766 802 2821; x_wconf 88' lang='lat' dir='ltr'><strong>und</strong></span> <span class='ocrx_word' id='word_1_247' title='bbox 858 2766 933 2821; x_wconf 79' lang='lat' dir='ltr'><strong>da.</strong></span> <span class='ocrx_word' id='word_1_248' title='bbox 974 2766 1129 2822; x_wconf 80' lang='lat' dir='ltr'><strong>kann</strong></span> <span class='ocrx_word' id='word_1_249' title='bbox 1176 2766 1270 2822; x_wconf 89' lang='lat' dir='ltr'><strong>ich</strong></span> <span class='ocrx_word' id='word_1_250' title='bbox 1325 2765 1465 2819; x_wconf 81' lang='lat' dir='ltr'><strong>kurz</strong></span> 
     </span>
     <span class='ocr_line' id='line_1_32' title="bbox 342 2808 1467 2906; baseline -0.003 -13"><span class='ocrx_word' id='word_1_251' title='bbox 342 2838 568 2906; x_wconf 78' lang='lat' dir='ltr'><strong>behaup</strong></span> <span class='ocrx_word' id='word_1_252' title='bbox 568 2808 691 2904; x_wconf 69' lang='lat' dir='ltr'><strong>te’n,</strong></span> <span class='ocrx_word' id='word_1_253' title='bbox 755 2836 880 2892; x_wconf 72' lang='lat' dir='ltr'><strong>dare</strong></span> <span class='ocrx_word' id='word_1_254' title='bbox 945 2837 1043 2893; x_wconf 89' lang='lat' dir='ltr'><strong>der</strong></span> <span class='ocrx_word' id='word_1_255' title='bbox 1093 2837 1230 2892; x_wconf 87' lang='lat' dir='ltr'><strong>kein</strong></span> <span class='ocrx_word' id='word_1_256' title='bbox 1281 2837 1467 2892; x_wconf 73' lang='lat' dir='ltr'><strong>Recht</strong></span> 
     </span>
     <span class='ocr_line' id='line_1_33' title="bbox 342 2906 1465 2978; baseline 0 -17"><span class='ocrx_word' id='word_1_257' title='bbox 342 2906 471 2975; x_wconf 74' lang='lat' dir='ltr'><strong>hat,</strong></span> <span class='ocrx_word' id='word_1_258' title='bbox 525 2909 635 2963; x_wconf 90' lang='lat' dir='ltr'><strong>den</strong></span> <span class='ocrx_word' id='word_1_259' title='bbox 673 2909 896 2963; x_wconf 82' lang='lat' dir='ltr'><strong>Namen</strong></span> <span class='ocrx_word' id='word_1_260' title='bbox 949 2909 1047 2963; x_wconf 87' lang='lat' dir='ltr'><strong>der</strong></span> <span class='ocrx_word' id='word_1_261' title='bbox 1095 2907 1331 2978; x_wconf 87' lang='lat' dir='ltr'><strong>Tugend</strong></span> <span class='ocrx_word' id='word_1_262' title='bbox 1383 2906 1465 2961; x_wconf 89' lang='lat' dir='ltr'><strong>im</strong></span> 
     </span>
     <span class='ocr_line' id='line_1_34' title="bbox 343 2978 1466 3045; baseline 0.001 -13"><span class='ocrx_word' id='word_1_263' title='bbox 343 2978 552 3033; x_wconf 86' lang='lat' dir='ltr'><strong>Munde</strong></span> <span class='ocrx_word' id='word_1_264' title='bbox 616 2998 685 3033; x_wconf 82' lang='lat' dir='ltr'><strong>zu</strong></span> <span class='ocrx_word' id='word_1_265' title='bbox 747 2979 975 3045; x_wconf 69' lang='lat' dir='ltr'><strong>suhi-en,</strong></span> <span class='ocrx_word' id='word_1_266' title='bbox 1047 2979 1292 3034; x_wconf 83' lang='lat' dir='ltr'><strong>welcher</strong></span> <span class='ocrx_word' id='word_1_267' title='bbox 1356 2978 1466 3033; x_wconf 89' lang='lat' dir='ltr'><strong>den</strong></span> 
     </span>
     <span class='ocr_line' id='line_1_35' title="bbox 347 3039 1464 3105; baseline 0 -2"><span class='ocrx_word' id='word_1_268' title='bbox 347 3049 607 3104; x_wconf 84' lang='lat' dir='ltr'><strong>Schmerz</strong></span> <span class='ocrx_word' id='word_1_269' title='bbox 652 3050 742 3103; x_wconf 81' lang='lat' dir='ltr'><strong>ffir</strong></span> <span class='ocrx_word' id='word_1_270' title='bbox 778 3049 879 3104; x_wconf 79' lang='lat' dir='ltr'><strong>das</strong></span> <span class='ocrx_word' id='word_1_271' title='bbox 916 3050 1151 3105; x_wconf 70' lang='lat' dir='ltr'><strong>hochste</strong></span> <span class='ocrx_word' id='word_1_272' title='bbox 1187 3039 1334 3104; x_wconf 74' lang='lat' dir='ltr'><strong>Ubel</strong></span> <span class='ocrx_word' id='word_1_273' title='bbox 1379 3066 1464 3104; x_wconf 88' lang='lat' dir='ltr'><strong>er-</strong></span> 
     </span>
     <span class='ocr_line' id='line_1_36' title="bbox 345 3119 1468 3190; baseline 0 -16"><span class='ocrx_word' id='word_1_274' title='bbox 345 3120 537 3177; x_wconf 57' lang='lat' dir='ltr'><strong>klartf</strong></span> <span class='ocrx_word' id='word_1_275' title='bbox 597 3120 674 3174; x_wconf 86' lang='lat' dir='ltr'><strong>Er</strong></span> <span class='ocrx_word' id='word_1_276' title='bbox 693 3119 879 3175; x_wconf 80' lang='lat' dir='ltr'><strong>mufs</strong></span> <span class='ocrx_word' id='word_1_277' title='bbox 853 3138 933 3190; x_wconf 67' lang='lat' dir='ltr'><strong>ja,</strong></span> <span class='ocrx_word' id='word_1_278' title='bbox 961 3138 1058 3175; x_wconf 87' lang='lat' dir='ltr'><strong>um</strong></span> <span class='ocrx_word' id='word_1_279' title='bbox 1077 3121 1187 3175; x_wconf 84' lang='lat' dir='ltr'><strong>den</strong></span> <span class='ocrx_word' id='word_1_280' title='bbox 1206 3121 1468 3175; x_wconf 87' lang='lat' dir='ltr'><strong>Schmerz</strong></span> 
     </span>
     <span class='ocr_line' id='line_1_37' title="bbox 345 3192 1467 3262; baseline 0 -16"><span class='ocrx_word' id='word_1_281' title='bbox 345 3211 414 3247; x_wconf 90' lang='lat' dir='ltr'><strong>zu</strong></span> <span class='ocrx_word' id='word_1_282' title='bbox 477 3192 700 3247; x_wconf 86' lang='lat' dir='ltr'><strong>meiden</strong></span> <span class='ocrx_word' id='word_1_283' title='bbox 713 3234 728 3261; x_wconf 86' lang='lat'>‚</span> <span class='ocrx_word' id='word_1_284' title='bbox 802 3192 902 3247; x_wconf 83' lang='lat' dir='ltr'><strong>der</strong></span> <span class='ocrx_word' id='word_1_285' title='bbox 965 3192 1201 3262; x_wconf 85' lang='lat' dir='ltr'><strong>Tugend</strong></span> <span class='ocrx_word' id='word_1_286' title='bbox 1264 3193 1467 3246; x_wconf 71' lang='lat' dir='ltr'><strong>untreu</strong></span> 
     </span>
     <span class='ocr_line' id='line_1_38' title="bbox 345 3263 583 3320; baseline 0.008 -2"><span class='ocrx_word' id='word_1_287' title='bbox 345 3263 583 3320; x_wconf 83' lang='lat' dir='ltr'><strong>werden.</strong></span> 
     </span>
    </p>

    <p class='ocr_par' dir='ltr' id='par_1_14' title="bbox 346 3334 1465 3473">
     <span class='ocr_line' id='line_1_39' title="bbox 416 3334 1465 3406; baseline -0.001 -17"><span class='ocrx_word' id='word_1_288' title='bbox 416 3335 558 3406; x_wconf 68' lang='grc' dir='ltr'><strong>Καρ.</strong></span> <span class='ocrx_word' id='word_1_289' title='bbox 599 3334 697 3391; x_wconf 80' lang='lat'><strong>21.</strong></span> <span class='ocrx_word' id='word_1_290' title='bbox 773 3340 857 3391; x_wconf 82' lang='lat'><strong>50.</strong></span> <span class='ocrx_word' id='word_1_291' title='bbox 912 3336 1027 3390; x_wconf 78' lang='lat' dir='ltr'><strong>viri</strong></span> <span class='ocrx_word' id='word_1_292' title='bbox 1061 3335 1282 3404; x_wconf 76' lang='lat' dir='ltr'><strong>optimi,</strong></span> <span class='ocrx_word' id='word_1_293' title='bbox 1337 3351 1380 3388; x_wconf 82' lang='lat' dir='ltr'><strong>s.</strong></span> <span class='ocrx_word' id='word_1_294' title='bbox 1419 3352 1465 3389; x_wconf 84' lang='lat' dir='ltr'><strong>z.</strong></span> 
     </span>
     <span class='ocr_line' id='line_1_40' title="bbox 346 3406 657 3473; baseline 0.006 -14"><span class='ocrx_word' id='word_1_295' title='bbox 346 3406 401 3459; x_wconf 88' lang='grc' dir='ltr'><strong>ΙΙ</strong></span> <span class='ocrx_word' id='word_1_296' title='bbox 440 3412 531 3473; x_wconf 85' lang='lat'><strong>19,</strong></span> <span class='ocrx_word' id='word_1_297' title='bbox 568 3412 657 3462; x_wconf 83' lang='lat'><strong>44.</strong></span> 
     </span>
    </p>

    <p class='ocr_par' dir='ltr' id='par_1_15' title="bbox 341 3475 1469 4027">
     <span class='ocr_line' id='line_1_41' title="bbox 417 3475 1469 3544; baseline 0 -14"><span class='ocrx_word' id='word_1_298' title='bbox 417 3477 541 3544; x_wconf 84' lang='lat' dir='ltr'><strong>Ita,</strong></span> <span class='ocrx_word' id='word_1_299' title='bbox 570 3479 753 3532; x_wconf 81' lang='lat' dir='ltr'><strong>credo:</strong></span> <span class='ocrx_word' id='word_1_300' title='bbox 789 3477 923 3532; x_wconf 82' lang='lat' dir='ltr'><strong>Also</strong></span> <span class='ocrx_word' id='word_1_301' title='bbox 943 3478 1178 3533; x_wconf 75' lang='lat' dir='ltr'><strong>streiten</strong></span> <span class='ocrx_word' id='word_1_302' title='bbox 1194 3476 1298 3531; x_wconf 83' lang='lat' dir='ltr'><strong>wir</strong></span> <span class='ocrx_word' id='word_1_303' title='bbox 1314 3475 1469 3530; x_wconf 82' lang='lat' dir='ltr'><strong>wohl</strong></span> 
     </span>
     <span class='ocr_line' id='line_1_42' title="bbox 346 3546 1467 3605; baseline 0 -4"><span class='ocrx_word' id='word_1_304' title='bbox 346 3566 444 3601; x_wconf 91' lang='lat' dir='ltr'><strong>um</strong></span> <span class='ocrx_word' id='word_1_305' title='bbox 479 3548 614 3601; x_wconf 78' lang='lat' dir='ltr'><strong>Amt</strong></span> <span class='ocrx_word' id='word_1_306' title='bbox 652 3546 769 3603; x_wconf 88' lang='lat' dir='ltr'><strong>und</strong></span> <span class='ocrx_word' id='word_1_307' title='bbox 805 3549 1078 3605; x_wconf 82' lang='lat' dir='ltr'><strong>Ansehen.</strong></span> <span class='ocrx_word' id='word_1_308' title='bbox 1119 3580 1186 3589; x_wconf 94' lang='grc'><strong>-</strong></span> <span class='ocrx_word' id='word_1_309' title='bbox 1226 3549 1292 3602; x_wconf 90' lang='grc' dir='ltr'><strong>Ιιι</strong></span> <span class='ocrx_word' id='word_1_310' title='bbox 1337 3549 1467 3602; x_wconf 88' lang='lat' dir='ltr'><strong>dem</strong></span> 
     </span>
     <span class='ocr_line' id='line_1_43' title="bbox 345 3618 1468 3676; baseline 0 -4"><span class='ocrx_word' id='word_1_311' title='bbox 345 3618 505 3672; x_wconf 82' lang='lat' dir='ltr'><strong>Falle</strong></span> <span class='ocrx_word' id='word_1_312' title='bbox 550 3622 699 3674; x_wconf 55' lang='lat' dir='ltr'><strong>ware</strong></span> <span class='ocrx_word' id='word_1_313' title='bbox 743 3618 1294 3676; x_wconf 76' lang='lat' dir='ltr'><strong>leidensehaftliehes</strong></span> <span class='ocrx_word' id='word_1_314' title='bbox 1332 3619 1468 3672; x_wconf 79' lang='lat' dir='ltr'><strong>Auf-</strong></span> 
     </span>
     <span class='ocr_line' id='line_1_44' title="bbox 345 3688 1466 3759; baseline 0 -16"><span class='ocrx_word' id='word_1_315' title='bbox 345 3690 534 3744; x_wconf 77' lang='lat' dir='ltr'><strong>treten</strong></span> <span class='ocrx_word' id='word_1_316' title='bbox 587 3688 915 3759; x_wconf 59' lang='lat' dir='ltr'><strong>erklarlich‚</strong></span> <span class='ocrx_word' id='word_1_317' title='bbox 969 3691 1129 3746; x_wconf 76' lang='lat' dir='ltr'><strong>nicht</strong></span> <span class='ocrx_word' id='word_1_318' title='bbox 1183 3691 1319 3745; x_wconf 77' lang='lat' dir='ltr'><strong>aber</strong></span> <span class='ocrx_word' id='word_1_319' title='bbox 1372 3689 1466 3745; x_wconf 91' lang='lat' dir='ltr'><strong>bei</strong></span> 
     </span>
     <span class='ocr_line' id='line_1_45' title="bbox 347 3758 1466 3832; baseline 0 -18"><span class='ocrx_word' id='word_1_320' title='bbox 347 3760 448 3816; x_wconf 87' lang='lat' dir='ltr'><strong>der</strong></span> <span class='ocrx_word' id='word_1_321' title='bbox 464 3758 846 3832; x_wconf 83' lang='lat' dir='ltr'><strong>Erforschung</strong></span> <span class='ocrx_word' id='word_1_322' title='bbox 864 3762 964 3816; x_wconf 87' lang='lat' dir='ltr'><strong>der</strong></span> <span class='ocrx_word' id='word_1_323' title='bbox 974 3762 1289 3817; x_wconf 78' lang='lat' dir='ltr'><strong>Wahrheit.</strong></span> <span class='ocrx_word' id='word_1_324' title='bbox 1346 3762 1466 3827; x_wconf 83' lang='lat' dir='ltr'><strong>Ita,</strong></span> 
     </span>
     <span class='ocr_line' id='line_1_46' title="bbox 345 3831 1463 3888; baseline -0.002 -1"><span class='ocrx_word' id='word_1_325' title='bbox 345 3833 505 3887; x_wconf 80' lang='lat' dir='ltr'><strong>credo</strong></span> <span class='ocrx_word' id='word_1_326' title='bbox 572 3831 776 3887; x_wconf 78' lang='lat' dir='ltr'><strong>dn&#39;ickt:</strong></span> <span class='ocrx_word' id='word_1_327' title='bbox 838 3831 962 3887; x_wconf 88' lang='lat' dir='ltr'><strong>eine</strong></span> <span class='ocrx_word' id='word_1_328' title='bbox 1025 3833 1305 3888; x_wconf 86' lang='lat' dir='ltr'><strong>ironische</strong></span> <span class='ocrx_word' id='word_1_329' title='bbox 1359 3832 1463 3885; x_wconf 91' lang='lat' dir='ltr'><strong>Be-</strong></span> 
     </span>
     <span class='ocr_line' id='line_1_47' title="bbox 341 3902 1460 4027; baseline 0 -69"><span class='ocrx_word' id='word_1_330' title='bbox 341 3903 561 4027; x_wconf 42' lang='lat' dir='ltr'><strong>&amp;hung</strong></span> <span class='ocrx_word' id='word_1_331' title='bbox 596 3919 724 3971; x_wconf 76' lang='lat' dir='ltr'><strong>aue,</strong></span> <span class='ocrx_word' id='word_1_332' title='bbox 762 3903 876 3973; x_wconf 86' lang='lat' dir='ltr'><strong>vl</strong></span> <span class='ocrx_word' id='word_1_333' title='bbox 914 3902 940 3955; x_wconf 95' lang='lat' dir='ltr'><strong>I</strong></span> <span class='ocrx_word' id='word_1_334' title='bbox 974 3909 1005 3969; x_wconf 66' lang='grc' dir='ltr'><strong>ς</strong></span> <span class='ocrx_word' id='word_1_335' title='bbox 1033 3910 1065 3958; x_wconf 89' lang='grc'>9</span> <span class='ocrx_word' id='word_1_336' title='bbox 1100 3906 1184 3959; x_wconf 80' lang='lat' dir='ltr'><strong>ita</strong></span> <span class='ocrx_word' id='word_1_337' title='bbox 1210 3919 1460 3973; x_wconf 71' lang='lat' dir='ltr'><strong>prorsus.</strong></span> 
     </span>
    </p>

    <p class='ocr_par' dir='ltr' id='par_1_16' title="bbox 344 3945 1463 4115">
     <span class='ocr_line' id='line_1_48' title="bbox 399 3945 1463 4058; baseline 0.001 -31"><span class='ocrx_word' id='word_1_338' title='bbox 399 3975 549 4058; x_wconf 70' lang='lat' dir='ltr'><strong>iiufig</strong></span> <span class='ocrx_word' id='word_1_339' title='bbox 585 3945 741 4029; x_wconf 61' lang='lat' dir='ltr'><strong>steh’t</strong></span> <span class='ocrx_word' id='word_1_340' title='bbox 773 3973 833 4028; x_wconf 88' lang='lat' dir='ltr'><strong>in</strong></span> <span class='ocrx_word' id='word_1_341' title='bbox 869 3973 1120 4045; x_wconf 86' lang='lat' dir='ltr'><strong>gleicher</strong></span> <span class='ocrx_word' id='word_1_342' title='bbox 1145 3975 1334 4030; x_wconf 86' lang='lat' dir='ltr'><strong>Weise</strong></span> <span class='ocrx_word' id='word_1_343' title='bbox 1371 3974 1463 4029; x_wconf 86' lang='lat' dir='ltr'><strong>die</strong></span> 
     </span>
     <span class='ocr_line' id='line_1_49' title="bbox 344 4045 1458 4115; baseline 0 -15"><span class='ocrx_word' id='word_1_344' title='bbox 344 4045 625 4100; x_wconf 84' lang='lat' dir='ltr'><strong>ironische</strong></span> <span class='ocrx_word' id='word_1_345' title='bbox 653 4045 834 4115; x_wconf 80' lang='lat' dir='ltr'><strong>Frage</strong></span> <span class='ocrx_word' id='word_1_346' title='bbox 870 4045 1062 4101; x_wconf 74' lang='lat' dir='ltr'><strong>itane?</strong></span> <span class='ocrx_word' id='word_1_347' title='bbox 1113 4046 1395 4100; x_wconf 79' lang='lat' dir='ltr'><strong>‘wirklich</strong></span> <span class='ocrx_word' id='word_1_348' title='bbox 1408 4046 1458 4100; x_wconf 61' lang='grc' dir='ltr'><strong>’θ’</strong></span> 
     </span>
    </p>

    <p class='ocr_par' dir='ltr' id='par_1_17' title="bbox 346 4116 1467 4387">
     <span class='ocr_line' id='line_1_50' title="bbox 418 4116 1463 4186; baseline -0.001 -14"><span class='ocrx_word' id='word_1_349' title='bbox 418 4117 501 4172; x_wconf 82' lang='lat' dir='ltr'><strong>Et</strong></span> <span class='ocrx_word' id='word_1_350' title='bbox 544 4118 634 4171; x_wconf 81' lang='lat' dir='ltr'><strong>illi</strong></span> <span class='ocrx_word' id='word_1_351' title='bbox 668 4123 958 4186; x_wconf 73' lang='lat' dir='ltr'><strong>puynant:</strong></span> <span class='ocrx_word' id='word_1_352' title='bbox 1011 4116 1127 4172; x_wconf 88' lang='lat' dir='ltr'><strong>und</strong></span> <span class='ocrx_word' id='word_1_353' title='bbox 1169 4117 1463 4184; x_wconf 56' lang='lat' dir='ltr'><strong>troadem,</strong></span> 
     </span>
     <span class='ocr_line' id='line_1_51' title="bbox 348 4187 1467 4244; baseline 0.001 -2"><span class='ocrx_word' id='word_1_354' title='bbox 348 4188 470 4243; x_wconf 68' lang='lat' dir='ltr'><strong>dats</strong></span> <span class='ocrx_word' id='word_1_355' title='bbox 526 4187 607 4242; x_wconf 84' lang='lat' dir='ltr'><strong>sie</strong></span> <span class='ocrx_word' id='word_1_356' title='bbox 666 4188 776 4242; x_wconf 88' lang='lat' dir='ltr'><strong>mir</strong></span> <span class='ocrx_word' id='word_1_357' title='bbox 828 4187 1467 4244; x_wconf 73' lang='lat' dir='ltr'><strong>Leidenschastlichkeit</strong></span> 
     </span>
     <span class='ocr_line' id='line_1_52' title="bbox 349 4259 1467 4329; baseline 0 -16"><span class='ocrx_word' id='word_1_358' title='bbox 349 4259 558 4314; x_wconf 86' lang='lat' dir='ltr'><strong>Schuld</strong></span> <span class='ocrx_word' id='word_1_359' title='bbox 600 4259 806 4329; x_wconf 83' lang='lat' dir='ltr'><strong>geben,</strong></span> <span class='ocrx_word' id='word_1_360' title='bbox 864 4260 1097 4316; x_wconf 71' lang='lat' dir='ltr'><strong>streiten</strong></span> <span class='ocrx_word' id='word_1_361' title='bbox 1151 4259 1232 4314; x_wconf 90' lang='lat' dir='ltr'><strong>sie</strong></span> <span class='ocrx_word' id='word_1_362' title='bbox 1289 4260 1467 4315; x_wconf 72' lang='lat' dir='ltr'><strong>selbst.</strong></span> 
     </span>
     <span class='ocr_line' id='line_1_53' title="bbox 346 4331 852 4387; baseline 0.004 -2"><span class='ocrx_word' id='word_1_363' title='bbox 346 4331 852 4387; x_wconf 73' lang='lat' dir='ltr'><strong>leidenschaftlich.</strong></span> 
     </span>
    </p>
   </div>
   <div class='ocr_carea' id='block_1_13' title="bbox 1423 4411 1453 4422">
    <p class='ocr_par' dir='ltr' id='par_1_18' title="bbox 1423 4411 1453 4422">
     <span class='ocr_line' id='line_1_54' title="bbox 1423 4411 1453 4422; baseline 0 -3"><span class='ocrx_word' id='word_1_364' title='bbox 1423 4411 1453 4422; x_wconf 50' lang='lat'><strong>&#39;-</strong></span> 
     </span>
    </p>
   </div>
   <div class='ocr_carea' id='block_1_14' title="bbox 523 2274 2704 2356">
    <p class='ocr_par' dir='ltr' id='par_1_19' title="bbox 523 2274 2704 2356">
     <span class='ocr_line' id='line_1_55' title="bbox 523 2274 2704 2356; baseline 0 -20"><span class='ocrx_word' id='word_1_365' title='bbox 523 2274 987 2356; x_wconf 81' lang='lat' dir='ltr'><strong>Cyrenaicorum</strong></span> <span class='ocrx_word' id='word_1_366' title='bbox 1033 2282 1221 2337; x_wconf 89' lang='lat' dir='ltr'><strong>restat</strong></span> <span class='ocrx_word' id='word_1_367' title='bbox 1267 2275 1591 2354; x_wconf 89' lang='lat' dir='ltr'><strong>sententia,</strong></span> <span class='ocrx_word' id='word_1_368' title='bbox 1644 2275 1750 2353; x_wconf 90' lang='lat' dir='ltr'><strong>qui</strong></span> <span class='ocrx_word' id='word_1_369' title='bbox 1799 2282 1922 2336; x_wconf 84' lang='lat' dir='ltr'><strong>tum</strong></span> <span class='ocrx_word' id='word_1_370' title='bbox 1970 2275 2405 2355; x_wconf 83' lang='lat' dir='ltr'><strong>aegritudinem</strong></span> <span class='ocrx_word' id='word_1_371' title='bbox 2449 2283 2704 2337; x_wconf 88' lang='lat' dir='ltr'><strong>censent</strong></span> 
     </span>
    </p>
   </div>
   <div class='ocr_carea' id='block_1_15' title="bbox 1740 2359 2704 2444">
    <p class='ocr_par' dir='ltr' id='par_1_20' title="bbox 1740 2359 2704 2444">
     <span class='ocr_line' id='line_1_56' title="bbox 1740 2359 2704 2444; baseline 0.004 -22"><span class='ocrx_word' id='word_1_372' title='bbox 1740 2362 1849 2423; x_wconf 90' lang='lat' dir='ltr'><strong>Est</strong></span> <span class='ocrx_word' id='word_1_373' title='bbox 1893 2363 1953 2423; x_wconf 93' lang='lat' dir='ltr'><strong>id</strong></span> <span class='ocrx_word' id='word_1_374' title='bbox 2002 2365 2244 2444; x_wconf 90' lang='lat' dir='ltr'><strong>quidem</strong></span> <span class='ocrx_word' id='word_1_375' title='bbox 2281 2359 2585 2444; x_wconf 85' lang='lat' dir='ltr'><strong>magnum&#39;,</strong></span> <span class='ocrx_word' id='word_1_376' title='bbox 2633 2373 2704 2426; x_wconf 87' lang='lat' dir='ltr'><strong>ut</strong></span> 
     </span>
    </p>
   </div>
   <div class='ocr_carea' id='block_1_16' title="bbox 1562 2552 2700 2766">
    <p class='ocr_par' dir='ltr' id='par_1_21' title="bbox 1562 2521 2701 2766">
     <span class='ocr_line' id='line_1_57' title="bbox 1642 2552 2700 2623; baseline 0.004 -18"><span class='ocrx_word' id='word_1_377' title='bbox 1642 2557 1692 2605; x_wconf 82' lang='lat' dir='ltr'><strong>et</strong></span> <span class='ocrx_word' id='word_1_378' title='bbox 1744 2552 1988 2621; x_wconf 74' lang='lat' dir='ltr'><strong>quidem,</strong></span> <span class='ocrx_word' id='word_1_379' title='bbox 2043 2553 2097 2610; x_wconf 91' lang='lat' dir='ltr'><strong>d.</strong></span> <span class='ocrx_word' id='word_1_380' title='bbox 2145 2552 2185 2610; x_wconf 88' lang='lat' dir='ltr'><strong>i.</strong></span> <span class='ocrx_word' id='word_1_381' title='bbox 2239 2560 2291 2610; x_wconf 79' lang='lat' dir='ltr'><strong>et</strong></span> <span class='ocrx_word' id='word_1_382' title='bbox 2342 2555 2428 2608; x_wconf 80' lang='lat' dir='ltr'><strong>ita</strong></span> <span class='ocrx_word' id='word_1_383' title='bbox 2481 2554 2700 2623; x_wconf 70' lang='lat' dir='ltr'><strong>quidem</strong></span> 
     </span>
     <span class='ocr_line' id='line_1_58' title="bbox 1562 2628 1968 2694; baseline 0.003 -17"><span class='ocrx_word' id='word_1_384' title='bbox 1562 2628 1852 2694; x_wconf 71' lang='lat' dir='ltr'><strong>puynant,</strong></span> <span class='ocrx_word' id='word_1_385' title='bbox 1889 2628 1968 2679; x_wconf 81' lang='lat' dir='ltr'><strong>ut.</strong></span> 
     </span>
     <span class='ocr_line' id='line_1_59' title="bbox 1643 2695 2700 2766; baseline 0.003 -18"><span class='ocrx_word' id='word_1_386' title='bbox 1643 2699 1825 2749; x_wconf 80' lang='lat' dir='ltr'><strong>actum</strong></span> <span class='ocrx_word' id='word_1_387' title='bbox 1859 2695 2207 2751; x_wconf 71' lang='lat' dir='ltr'><strong>habitasrum:</strong></span> <span class='ocrx_word' id='word_1_388' title='bbox 2250 2695 2343 2749; x_wconf 71' lang='lat' dir='ltr'><strong>fiir</strong></span> <span class='ocrx_word' id='word_1_389' title='bbox 2379 2696 2700 2766; x_wconf 83' lang='lat' dir='ltr'><strong>geschehen</strong></span> 
     </span>
    </p>
   </div>
   <div class='ocr_carea' id='block_1_17' title="bbox 1571 2765 2765 2834">
    <p class='ocr_par' dir='ltr' id='par_1_22' title="bbox 1571 2765 2765 2834">
     <span class='ocr_line' id='line_1_60' title="bbox 1571 2765 2765 2834; baseline 0.002 -14"><span class='ocrx_word' id='word_1_390' title='bbox 1571 2766 1844 2834; x_wconf 77' lang='lat' dir='ltr'><strong>ansehen,</strong></span> <span class='ocrx_word' id='word_1_391' title='bbox 1881 2766 2035 2821; x_wconf 87' lang='lat' dir='ltr'><strong>mich</strong></span> <span class='ocrx_word' id='word_1_392' title='bbox 2069 2765 2231 2821; x_wconf 76' lang='lat' dir='ltr'><strong>nicht,</strong></span> <span class='ocrx_word' id='word_1_393' title='bbox 2264 2766 2461 2821; x_wconf 76' lang='lat' dir='ltr'><strong>weiter</strong></span> <span class='ocrx_word' id='word_1_394' title='bbox 2498 2766 2700 2822; x_wconf 76' lang='lat' dir='ltr'><strong>darum</strong></span> <span class='ocrx_word' id='word_1_395' title='bbox 2758 2786 2765 2791; x_wconf 55' lang='grc'><em>“</em></span> 
     </span>
    </p>
   </div>
   <div class='ocr_carea' id='block_1_18' title="bbox 1571 2836 2696 2978">
    <p class='ocr_par' dir='ltr' id='par_1_23' title="bbox 1571 2836 2696 2978">
     <span class='ocr_line' id='line_1_61' title="bbox 1571 2836 2696 2908; baseline 0.001 -16"><span class='ocrx_word' id='word_1_396' title='bbox 1571 2836 1964 2905; x_wconf 78' lang='lat' dir='ltr'><strong>bekiimmern,</strong></span> <span class='ocrx_word' id='word_1_397' title='bbox 2014 2838 2086 2892; x_wconf 91' lang='lat' dir='ltr'><strong>ob</strong></span> <span class='ocrx_word' id='word_1_398' title='bbox 2134 2837 2215 2891; x_wconf 85' lang='lat' dir='ltr'><strong>sie</strong></span> <span class='ocrx_word' id='word_1_399' title='bbox 2253 2838 2374 2892; x_wconf 86' lang='lat' dir='ltr'><strong>sich</strong></span> <span class='ocrx_word' id='word_1_400' title='bbox 2413 2837 2696 2908; x_wconf 75' lang='lat' dir='ltr'><strong>beklagen</strong></span> 
     </span>
     <span class='ocr_line' id='line_1_62' title="bbox 1574 2907 2580 2978; baseline 0.002 -16"><span class='ocrx_word' id='word_1_401' title='bbox 1574 2908 1708 2962; x_wconf 88' lang='lat' dir='ltr'><strong>oder</strong></span> <span class='ocrx_word' id='word_1_402' title='bbox 1745 2907 2273 2978; x_wconf 76' lang='lat' dir='ltr'><strong>gemeinschaftlich</strong></span> <span class='ocrx_word' id='word_1_403' title='bbox 2310 2908 2580 2964; x_wconf 82' lang='lat' dir='ltr'><strong>schreien.</strong></span> 
     </span>
    </p>
   </div>
   <div class='ocr_carea' id='block_1_19' title="bbox 1570 2997 2702 3495">
    <p class='ocr_par' dir='ltr' id='par_1_24' title="bbox 1570 2997 2700 3277">
     <span class='ocr_line' id='line_1_63' title="bbox 1643 2997 2696 3067; baseline 0.004 -17"><span class='ocrx_word' id='word_1_404' title='bbox 1643 3001 1729 3050; x_wconf 81' lang='lat'><strong>51.</strong></span> <span class='ocrx_word' id='word_1_405' title='bbox 1769 2998 1835 3050; x_wconf 82' lang='lat' dir='ltr'><strong>de</strong></span> <span class='ocrx_word' id='word_1_406' title='bbox 1871 2997 2005 3051; x_wconf 81' lang='lat' dir='ltr'><strong>bello</strong></span> <span class='ocrx_word' id='word_1_407' title='bbox 2045 2997 2193 3051; x_wconf 80' lang='lat' dir='ltr'><strong>Pwn.</strong></span> <span class='ocrx_word' id='word_1_408' title='bbox 2250 2997 2352 3051; x_wconf 89' lang='lat' dir='ltr'><strong>Bei</strong></span> <span class='ocrx_word' id='word_1_409' title='bbox 2389 2998 2566 3052; x_wconf 81' lang='lat' dir='ltr'><strong>Zwies</strong></span> <span class='ocrx_word' id='word_1_410' title='bbox 2568 2998 2696 3067; x_wconf 76' lang='lat' dir='ltr'><strong>palt</strong></span> 
     </span>
     <span class='ocr_line' id='line_1_64' title="bbox 1570 3067 2698 3139; baseline 0.002 -17"><span class='ocrx_word' id='word_1_411' title='bbox 1570 3067 1710 3122; x_wconf 76' lang='lat' dir='ltr'><strong>fiber</strong></span> <span class='ocrx_word' id='word_1_412' title='bbox 1769 3067 2070 3136; x_wconf 77' lang='lat' dir='ltr'><strong>politische</strong></span> <span class='ocrx_word' id='word_1_413' title='bbox 2126 3067 2308 3139; x_wconf 88' lang='lat' dir='ltr'><strong>Dinge</strong></span> <span class='ocrx_word' id='word_1_414' title='bbox 2371 3068 2508 3123; x_wconf 64' lang='lat' dir='ltr'><strong>lasse</strong></span> <span class='ocrx_word' id='word_1_415' title='bbox 2575 3069 2698 3124; x_wconf 78' lang='lat' dir='ltr'><strong>sich</strong></span> 
     </span>
     <span class='ocr_line' id='line_1_65' title="bbox 1571 3137 2700 3195; baseline 0.004 -5"><span class='ocrx_word' id='word_1_416' title='bbox 1571 3137 2121 3193; x_wconf 77' lang='lat' dir='ltr'><strong>leidenechaftliches</strong></span> <span class='ocrx_word' id='word_1_417' title='bbox 2175 3138 2403 3194; x_wconf 62' lang='lat' dir='ltr'><strong>Gezank</strong></span> <span class='ocrx_word' id='word_1_418' title='bbox 2455 3141 2700 3195; x_wconf 77' lang='lat' dir='ltr'><strong>vex-mei—</strong></span> 
     </span>
     <span class='ocr_line' id='line_1_66' title="bbox 1573 3208 2375 3277; baseline 0.005 -15"><span class='ocrx_word' id='word_1_419' title='bbox 1573 3208 1707 3277; x_wconf 85' lang='lat' dir='ltr'><strong>den,</strong></span> <span class='ocrx_word' id='word_1_420' title='bbox 1745 3208 1852 3263; x_wconf 82' lang='lat' dir='ltr'><strong>wie</strong></span> <span class='ocrx_word' id='word_1_421' title='bbox 1888 3209 2004 3264; x_wconf 81' lang='lat' dir='ltr'><strong>viel</strong></span> <span class='ocrx_word' id='word_1_422' title='bbox 2040 3209 2200 3264; x_wconf 85' lang='lat' dir='ltr'><strong>mehr</strong></span> <span class='ocrx_word' id='word_1_423' title='bbox 2235 3210 2375 3267; x_wconf 88' lang='lat' dir='ltr'><strong>hier.</strong></span> 
     </span>
    </p>

    <p class='ocr_par' dir='ltr' id='par_1_25' title="bbox 1573 3279 2702 3495">
     <span class='ocr_line' id='line_1_67' title="bbox 1645 3279 2699 3349; baseline 0.004 -15"><span class='ocrx_word' id='word_1_424' title='bbox 1645 3279 1714 3333; x_wconf 91' lang='lat' dir='ltr'><strong>L.</strong></span> <span class='ocrx_word' id='word_1_425' title='bbox 1783 3280 2073 3335; x_wconf 75' lang='lat' dir='ltr'><strong>Cornelius</strong></span> <span class='ocrx_word' id='word_1_426' title='bbox 2143 3281 2415 3338; x_wconf 76' lang='lat' dir='ltr'><strong>Lentulus</strong></span> <span class='ocrx_word' id='word_1_427' title='bbox 2678 3324 2699 3349; x_wconf 89' lang='lat'><strong>,</strong></span> 
     </span>
     <span class='ocr_line' id='line_1_68' title="bbox 1576 3351 2696 3420; baseline 0.005 -16"><span class='ocrx_word' id='word_1_428' title='bbox 1576 3351 1792 3406; x_wconf 84' lang='lat' dir='ltr'><strong>Konsul</strong></span> <span class='ocrx_word' id='word_1_429' title='bbox 1833 3357 1961 3420; x_wconf 84' lang='grc'>156,</span> <span class='ocrx_word' id='word_1_430' title='bbox 2013 3352 2234 3407; x_wconf 75' lang='lat' dir='ltr'><strong>scheint</strong></span> <span class='ocrx_word' id='word_1_431' title='bbox 2277 3352 2398 3408; x_wconf 82' lang='lat' dir='ltr'><strong>sich</strong></span> <span class='ocrx_word' id='word_1_432' title='bbox 2434 3354 2541 3409; x_wconf 77' lang='lat' dir='ltr'><strong>wie</strong></span> <span class='ocrx_word' id='word_1_433' title='bbox 2580 3353 2696 3409; x_wconf 87' lang='lat' dir='ltr'><strong>Sci-</strong></span> 
     </span>
     <span class='ocr_line' id='line_1_69' title="bbox 1573 3422 2702 3495; baseline 0.001 -18"><span class='ocrx_word' id='word_1_434' title='bbox 1573 3422 1670 3492; x_wconf 88' lang='lat' dir='ltr'><strong>pio</strong></span> <span class='ocrx_word' id='word_1_435' title='bbox 1696 3422 1905 3478; x_wconf 76' lang='lat' dir='ltr'><strong>Nasica,</strong></span> <span class='ocrx_word' id='word_1_436' title='bbox 1932 3422 2099 3478; x_wconf 71' lang='lat' dir='ltr'><strong>Catos</strong></span> <span class='ocrx_word' id='word_1_437' title='bbox 2126 3424 2389 3495; x_wconf 55' lang='lat' dir='ltr'><strong>Drangen</strong></span> <span class='ocrx_word' id='word_1_438' title='bbox 2426 3425 2574 3480; x_wconf 81' lang='lat' dir='ltr'><strong>nach</strong></span> <span class='ocrx_word' id='word_1_439' title='bbox 2603 3425 2702 3480; x_wconf 87' lang='lat' dir='ltr'><strong>der</strong></span> 
     </span>
    </p>
   </div>
   <div class='ocr_carea' id='block_1_20' title="bbox 1575 3493 2698 3620">
    <p class='ocr_par' dir='ltr' id='par_1_26' title="bbox 1575 3493 2698 3620">
     <span class='ocr_line' id='line_1_70' title="bbox 1575 3493 2698 3567; baseline 0.004 -21"><span class='ocrx_word' id='word_1_440' title='bbox 1575 3493 1914 3565; x_wconf 70' lang='lat' dir='ltr'><strong>Zerstbrung</strong></span> <span class='ocrx_word' id='word_1_441' title='bbox 1962 3495 2275 3565; x_wconf 70' lang='lat' dir='ltr'><strong>Kartha-gos</strong></span> <span class='ocrx_word' id='word_1_442' title='bbox 2321 3496 2698 3567; x_wconf 72' lang='lat' dir='ltr'><strong>entgegenge-</strong></span> 
     </span>
     <span class='ocr_line' id='line_1_71' title="bbox 1575 3564 2073 3620; baseline 0.002 -1"><span class='ocrx_word' id='word_1_443' title='bbox 1575 3565 1733 3619; x_wconf 74' lang='lat' dir='ltr'><strong>stellt</strong></span> <span class='ocrx_word' id='word_1_444' title='bbox 1768 3583 1834 3618; x_wconf 86' lang='lat' dir='ltr'><strong>zu</strong></span> <span class='ocrx_word' id='word_1_445' title='bbox 1873 3564 2073 3620; x_wconf 77' lang='lat' dir='ltr'><strong>haben.</strong></span> 
     </span>
    </p>
   </div>
   <div class='ocr_carea' id='block_1_21' title="bbox 1571 3655 2701 3781">
    <p class='ocr_par' dir='ltr' id='par_1_27' title="bbox 1571 3655 2701 3781">
     <span class='ocr_line' id='line_1_72' title="bbox 1635 3655 2701 3725; baseline 0.003 -18"><span class='ocrx_word' id='word_1_446' title='bbox 1635 3655 1973 3722; x_wconf 64' lang='lat' dir='ltr'><strong>plausibilia</strong></span> <span class='ocrx_word' id='word_1_447' title='bbox 1998 3670 2111 3709; x_wconf 78' lang='lat' dir='ltr'><strong>non</strong></span> <span class='ocrx_word' id='word_1_448' title='bbox 2136 3659 2266 3709; x_wconf 76' lang='lat' dir='ltr'><strong>eunt</strong></span> <span class='ocrx_word' id='word_1_449' title='bbox 2296 3680 2364 3699; x_wconf 88' lang='lat'><strong>==</strong></span> <span class='ocrx_word' id='word_1_450' title='bbox 2391 3671 2508 3709; x_wconf 78' lang='lat' dir='ltr'><strong>mm</strong></span> <span class='ocrx_word' id='word_1_451' title='bbox 2528 3655 2701 3725; x_wconf 78' lang='lat' dir='ltr'><strong>plau-</strong></span> 
     </span>
     <span class='ocr_line' id='line_1_73' title="bbox 1571 3726 2358 3781; baseline 0.003 -2"><span class='ocrx_word' id='word_1_452' title='bbox 1571 3740 1693 3779; x_wconf 76' lang='lat' dir='ltr'><strong>sum</strong></span> <span class='ocrx_word' id='word_1_453' title='bbox 1728 3726 2108 3780; x_wconf 66' lang='lat' dir='ltr'><strong>multitudinis</strong></span> <span class='ocrx_word' id='word_1_454' title='bbox 2142 3727 2358 3781; x_wconf 77' lang='lat' dir='ltr'><strong>habent.</strong></span> 
     </span>
    </p>
   </div>
   <div class='ocr_carea' id='block_1_22' title="bbox 1550 3813 2702 3883">
    <p class='ocr_par' dir='ltr' id='par_1_28' title="bbox 1550 3813 2702 3883">
     <span class='ocr_line' id='line_1_74' title="bbox 1550 3813 2702 3883; baseline 0.002 -16"><span class='ocrx_word' id='word_1_455' title='bbox 1550 3864 1555 3868; x_wconf 84' lang='lat'><strong>.</strong></span> <span class='ocrx_word' id='word_1_456' title='bbox 1642 3815 1707 3867; x_wconf 75' lang='lat' dir='ltr'><strong>in</strong></span> <span class='ocrx_word' id='word_1_457' title='bbox 1759 3816 1891 3869; x_wconf 76' lang='lat' dir='ltr'><strong>sinu</strong></span> <span class='ocrx_word' id='word_1_458' title='bbox 1944 3815 2251 3883; x_wconf 72' lang='lat' dir='ltr'><strong>qaudeamt,</strong></span> <span class='ocrx_word' id='word_1_459' title='bbox 2326 3816 2427 3870; x_wconf 76' lang='lat' dir='ltr'><strong>das</strong></span> <span class='ocrx_word' id='word_1_460' title='bbox 2484 3813 2702 3869; x_wconf 77' lang='lat' dir='ltr'><strong>Antlitz</strong></span> 
     </span>
    </p>
   </div>
   <div class='ocr_carea' id='block_1_23' title="bbox 1569 3882 2703 4224">
    <p class='ocr_par' dir='ltr' id='par_1_29' title="bbox 1569 3882 2703 4224">
     <span class='ocr_line' id='line_1_75' title="bbox 1569 3882 2694 3957; baseline 0.002 -19"><span class='ocrx_word' id='word_1_461' title='bbox 1569 3884 1629 3938; x_wconf 90' lang='lat' dir='ltr'><strong>in</strong></span> <span class='ocrx_word' id='word_1_462' title='bbox 1684 3882 1794 3939; x_wconf 89' lang='lat' dir='ltr'><strong>den</strong></span> <span class='ocrx_word' id='word_1_463' title='bbox 1839 3885 2061 3940; x_wconf 79' lang='lat' dir='ltr'><strong>Bausch</strong></span> <span class='ocrx_word' id='word_1_464' title='bbox 2117 3886 2216 3939; x_wconf 87' lang='lat' dir='ltr'><strong>der</strong></span> <span class='ocrx_word' id='word_1_465' title='bbox 2262 3885 2420 3957; x_wconf 84' lang='lat' dir='ltr'><strong>Toga.</strong></span> <span class='ocrx_word' id='word_1_466' title='bbox 2475 3888 2694 3942; x_wconf 84' lang='lat' dir='ltr'><strong>verber-</strong></span> 
     </span>
     <span class='ocr_line' id='line_1_76' title="bbox 1610 3955 2695 4027; baseline 0.004 -19"><span class='ocrx_word' id='word_1_467' title='bbox 1610 3956 1744 4025; x_wconf 87' lang='lat' dir='ltr'><strong>end‚</strong></span> <span class='ocrx_word' id='word_1_468' title='bbox 1782 3956 1889 4011; x_wconf 83' lang='lat' dir='ltr'><strong>wie</strong></span> <span class='ocrx_word' id='word_1_469' title='bbox 1928 3955 2209 4027; x_wconf 74' lang='lat' dir='ltr'><strong>odysseus</strong></span> <span class='ocrx_word' id='word_1_470' title='bbox 2245 3957 2338 4012; x_wconf 92' lang='lat' dir='ltr'><strong>bei</strong></span> <span class='ocrx_word' id='word_1_471' title='bbox 2375 3957 2488 4012; x_wconf 87' lang='lat' dir='ltr'><strong>den</strong></span> <span class='ocrx_word' id='word_1_472' title='bbox 2514 3956 2695 4013; x_wconf 53' lang='lat' dir='ltr'><strong>Phan-</strong></span> 
     </span>
     <span class='ocr_line' id='line_1_77' title="bbox 1613 3976 2691 4096; baseline 0.005 -17"><span class='ocrx_word' id='word_1_473' title='bbox 1613 4042 1699 4080; x_wconf 89' lang='lat' dir='ltr'><strong>en.</strong></span> <span class='ocrx_word' id='word_1_474' title='bbox 1776 4026 1879 4082; x_wconf 85' lang='lat' dir='ltr'><strong>od.</strong></span> <span class='ocrx_word' id='word_1_475' title='bbox 1918 3976 2053 4082; x_wconf 90' lang='lat' dir='ltr'><strong>VIII</strong></span> <span class='ocrx_word' id='word_1_476' title='bbox 2088 4032 2173 4082; x_wconf 88' lang='lat'><strong>83.</strong></span> <span class='ocrx_word' id='word_1_477' title='bbox 2248 4028 2369 4083; x_wconf 85' lang='lat' dir='ltr'><strong>Tib.</strong></span> <span class='ocrx_word' id='word_1_478' title='bbox 2418 4028 2496 4083; x_wconf 90' lang='lat' dir='ltr'><strong>IV</strong></span> <span class='ocrx_word' id='word_1_479' title='bbox 2538 4035 2620 4096; x_wconf 83' lang='lat'><strong>13,</strong></span> <span class='ocrx_word' id='word_1_480' title='bbox 2656 4036 2691 4084; x_wconf 90' lang='lat'>8</span> 
     </span>
     <span class='ocr_line' id='line_1_78' title="bbox 1570 4099 2703 4169; baseline 0.004 -18"><span class='ocrx_word' id='word_1_481' title='bbox 1570 4099 1670 4167; x_wconf 77' lang='lat' dir='ltr'><strong>qui</strong></span> <span class='ocrx_word' id='word_1_482' title='bbox 1723 4099 1898 4167; x_wconf 81' lang='lat' dir='ltr'><strong>sapit,</strong></span> <span class='ocrx_word' id='word_1_483' title='bbox 1967 4101 2031 4153; x_wconf 80' lang='lat' dir='ltr'><strong>in</strong></span> <span class='ocrx_word' id='word_1_484' title='bbox 2084 4102 2253 4155; x_wconf 82' lang='lat' dir='ltr'><strong>tacito</strong></span> <span class='ocrx_word' id='word_1_485' title='bbox 2304 4100 2548 4169; x_wconf 75' lang='lat' dir='ltr'><strong>qaudeat</strong></span> <span class='ocrx_word' id='word_1_486' title='bbox 2607 4101 2703 4155; x_wconf 71' lang='lat' dir='ltr'><strong>ille</strong></span> 
     </span>
     <span class='ocr_line' id='line_1_79' title="bbox 1571 4170 1719 4224; baseline 0 -1"><span class='ocrx_word' id='word_1_487' title='bbox 1571 4170 1719 4224; x_wconf 79' lang='lat' dir='ltr'><strong>sinu.</strong></span> 
     </span>
    </p>
   </div>
   <div class='ocr_carea' id='block_1_24' title="bbox 1571 4257 2699 4399">
    <p class='ocr_par' dir='ltr' id='par_1_30' title="bbox 1571 4257 2699 4399">
     <span class='ocr_line' id='line_1_80' title="bbox 1642 4257 2699 4330; baseline 0.003 -19"><span class='ocrx_word' id='word_1_488' title='bbox 1642 4258 1784 4328; x_wconf 66' lang='grc' dir='ltr'><strong>Καρ.</strong></span> <span class='ocrx_word' id='word_1_489' title='bbox 1823 4257 1921 4313; x_wconf 77' lang='lat'><strong>22.</strong></span> <span class='ocrx_word' id='word_1_490' title='bbox 1996 4263 2082 4314; x_wconf 79' lang='lat'><strong>52.</strong></span> <span class='ocrx_word' id='word_1_491' title='bbox 2123 4259 2552 4330; x_wconf 74' lang='lat' dir='ltr'><strong>Cyrenaicorum</strong></span> <span class='ocrx_word' id='word_1_492' title='bbox 2590 4262 2699 4314; x_wconf 81' lang='lat' dir='ltr'><strong>cet.</strong></span> 
     </span>
     <span class='ocr_line' id='line_1_81' title="bbox 1571 4329 2455 4399; baseline 0.002 -15"><span class='ocrx_word' id='word_1_493' title='bbox 1571 4329 1825 4385; x_wconf 73' lang='lat' dir='ltr'><strong>schliel&#39;st</strong></span> <span class='ocrx_word' id='word_1_494' title='bbox 1859 4330 1979 4385; x_wconf 85' lang='lat' dir='ltr'><strong>sich</strong></span> <span class='ocrx_word' id='word_1_495' title='bbox 2016 4347 2090 4385; x_wconf 79' lang='lat' dir='ltr'><strong>an</strong></span> <span class='ocrx_word' id='word_1_496' title='bbox 2129 4336 2220 4399; x_wconf 83' lang='lat'><strong>15,</strong></span> <span class='ocrx_word' id='word_1_497' title='bbox 2259 4336 2326 4384; x_wconf 83' lang='lat'><strong>32</strong></span> <span class='ocrx_word' id='word_1_498' title='bbox 2366 4346 2455 4386; x_wconf 78' lang='lat' dir='ltr'><strong>an.</strong></span> 
     </span>
    </p>
   </div>
   <div class='ocr_carea' id='block_1_25' title="bbox 2889 2970 2892 3493">
    <p class='ocr_par' dir='ltr' id='par_1_31' title="bbox 2889 2970 2892 3493">
     <span class='ocr_line' id='line_1_82' title="bbox 2889 2970 2892 3493; baseline 0 0"><span class='ocrx_word' id='word_1_499' title='bbox 2889 2970 2892 3493; x_wconf 95' lang='lat' dir='ltr'><strong> </strong></span> 
     </span>
    </p>
   </div>
  </div>
 </body>
</html>
