2902 4649
311 138 399 202 54
1102 140 1176 196 M.
1215 138 1466 195 TULLII
1504 138 1885 195 CICERONIS

307 315 446 385 post
492 313 798 366 trecentos
845 313 906 366 et
952 308 1377 385 quinquaginta
1417 307 1543 366 fere
1591 325 1778 367 annos
1824 315 2111 369 eventura
2153 316 2409 389 putaret,
2456 317 2518 369 et
2558 328 2677 389 ego

310 393 566 474 doleam,
624 397 675 454 si
732 394 803 455 ad
860 395 1067 455 decem
1123 395 1282 479 milia
1339 410 1631 456 annorum
1677 405 1918 474 gentem
1964 396 2217 475 aliquam
2266 397 2416 458 urbe
2463 407 2680 458 nostro

205 528 290 592 38
312 486 634 563 potituram
681 481 929 563 putem?
991 484 1141 554 Quia
1179 491 1339 545 tanta
1380 485 1597 544 caritas
1635 487 1858 563 patriae
1899 494 2007 567 est,
2054 493 2124 545 ut
2161 504 2290 546 eam
2328 504 2449 546 non
2488 505 2680 547 sensu

223 607 289 655 91
314 581 538 652 nostro,
585 573 689 633 sed
738 573 925 635 salute
973 576 1163 653 ipsius
1208 575 1542 634 metiamur.
1617 572 1823 653 Itaque
1873 592 1991 634 non
2040 574 2308 635 deterret
2344 578 2680 654 sapientem

311 679 500 742 morS,
549 679 701 740 quae
746 671 995 742 propter
1040 665 1305 723 incertos
1349 680 1525 722 casus
1571 662 1788 723 cotidie
1835 664 2131 743 imminet,
2184 671 2432 743 propter
2479 662 2679 725 brevi·

307 758 491 811 tatem
549 752 704 811 vitae
764 770 1086 830 numquam
1149 759 1346 830 potest
1403 751 1578 830 longe
1640 750 1877 833 abesse,
1938 769 2056 830 quo
2119 755 2315 812 minus
2373 754 2437 812 in
2494 768 2676 813 omne

308 849 546 918 tempus
594 842 684 900 rei
730 839 1001 918 publicae
1050 842 1295 919 suisque
1344 840 1616 901 consulat
1652 847 1755 900 aut
1791 841 2202 920 posteritatem
2240 843 2447 922 ipsam,
2499 844 2676 902 cuius

309 946 552 989 sensum
615 928 929 990 habiturus
986 946 1104 989 non
1163 931 1265 1008 sit,
1325 928 1394 989 ad
1459 947 1523 989 se
1582 936 1754 1008 putet
1808 931 2129 1008 pertinere.
2224 928 2353 999 Qua
2407 948 2475 989 re
2531 930 2677 991 licet

308 1020 487 1078 etiam
526 1018 837 1078 mortalem
878 1036 1008 1078 esse
1048 1020 1309 1077 animum
1345 1016 1707 1079 iudicantem
1747 1028 1986 1078 aeterna
2025 1017 2237 1098 moliri,
2286 1036 2405 1078 non
2447 1018 2675 1097 gloriae

308 1106 661 1187 cupiditate,
718 1125 893 1185 quam
951 1125 1239 1167 sensurus
1296 1125 1415 1167 non
1464 1109 1565 1187 sit,
1622 1106 1726 1166 sed
1773 1109 2042 1187 virtutiS,
2097 1124 2274 1184 quam
2329 1110 2675 1168 necessario

306 1193 511 1275 gloria,
560 1198 737 1255 etiam
786 1198 836 1256 si
883 1203 947 1256 tu
994 1195 1053 1255 id
1104 1212 1222 1255 non
1270 1213 1425 1275 agam,
1472 1204 1890 1274 consequatur.

485 1282 708 1344 Natura
769 1303 911 1344 vero
975 1287 1031 1344 si
1090 1303 1153 1345 se
1216 1286 1300 1344 sic
1360 1283 1564 1364 habet,
1630 1293 1721 1364 ut,
1783 1302 1902 1362 quo
1963 1283 2137 1343 modo
2196 1285 2435 1344 initium
2495 1284 2673 1346 nobis

307 1388 513 1432 rerum
573 1374 840 1432 omnium
900 1381 1069 1433 ortus
1127 1382 1332 1434 noster
1387 1373 1641 1451 adferat,
1702 1376 1787 1433 sic
1850 1375 2074 1433 exitum
2137 1390 2327 1452 morS,
2397 1381 2465 1434 ut
2523 1373 2677 1434 nihil

308 1462 601 1537 pertinuit
647 1461 720 1520 ad
767 1479 877 1521 nos
925 1470 1061 1522 ante
1109 1470 1328 1543 ortum,
1376 1464 1462 1522 sic
1510 1462 1657 1521 nihil
1702 1469 1840 1541 post
1888 1469 2139 1522 mortem
2187 1462 2527 1542 pertinebit.
2602 1463 2675 1523 In

309 1566 430 1625 quo
478 1550 619 1628 quid
665 1559 865 1629 potest
913 1568 1044 1611 esse
1092 1550 1259 1630 mali,
1316 1568 1453 1611 cum
1510 1566 1675 1611 mors
1727 1569 1839 1610 nec
1887 1549 1957 1610 ad
2006 1553 2169 1610 vivos
2201 1554 2514 1630 pertineat
2559 1570 2675 1613 nec

217 1649 287 1698 92
311 1636 382 1697 ad
443 1636 755 1700 mortuos?
837 1639 1023 1699 Alteri
1079 1639 1225 1699 nulli
1281 1647 1445 1720 sunt,
1508 1638 1727 1699 alteros
1783 1657 1903 1698 non
1961 1641 2227 1717 attinget.
2321 1639 2511 1710 Quam
2569 1643 2677 1720 qui

306 1725 592 1786 leviorem
649 1729 873 1789 faciunt
931 1730 1121 1788 somni
1179 1728 1538 1788 simillimam
1592 1726 1799 1789 volunt
1854 1745 2017 1788 esse:
2085 1730 2256 1806 quasi
2310 1746 2453 1788 vero
2510 1731 2673 1808 quis-

274 1806 485 1893 'quam
541 1818 620 1875 ita
678 1819 999 1897 nonaginta
1062 1835 1248 1876 annos
1295 1816 1436 1876 velit
1488 1818 1714 1896 vivere,
1769 1823 1863 1897 ut,
1919 1833 2054 1877 cum
2114 1816 2414 1896 sexaginta
2472 1818 2673 1878 confe-

308 1906 484 1984 cerit,
541 1904 807 1984 reliquos
863 1905 1141 1985 dormiat3
1199 1924 1274 1965 ne
1333 1906 1428 1965 sui
1475 1904 1715 1983 quidem
1759 1904 1820 1965 id
1867 1904 2074 1985 velint,
2133 1923 2254 1964 non
2300 1905 2475 1966 modo
2511 1909 2671 1985 ipse.

307 1991 641 2071 Endymion
697 2011 866 2074 vero,
924 1995 975 2054 si
1030 1993 1256 2055 fabulas
1311 1993 1519 2055 audire
1565 1993 1867 2073 volumuS,
1929 2001 1997 2053 ut
2052 1995 2257 2053 nescio
2315 1995 2550 2073 quando
2606 1997 2671 2057 in

306 2079 515 2141 Latmo
564 2081 947 2164 obdormivit,
1005 2085 1109 2162 qui
1157 2092 1248 2145 est
1295 2101 1467 2143 mons
1505 2081 1739 2164 Cariae,
1785 2082 2078 2163 nondum,
2136 2084 2375 2163 opinor,
2432 2092 2525 2143 est
2570 2102 2669 2144 ex—

304 2178 638 2248 perrectus
730 2170 885 2232 Num
933 2173 1116 2250 igitur
1163 2190 1300 2232 eum
1358 2190 1571 2232 curare
1631 2189 1871 2250 censeS,
1929 2188 2067 2231 cum
2113 2169 2279 2231 Luna
2326 2170 2582 2252 laboret,
2636 2191 2673 2233 a

302 2323 526 2448 {athalia
552 2343 658 2379 nur
685 2324 809 2379 eine
837 2324 1276 2396 Abschweifung
1299 2343 1433 2381 vom

394 2411 533 2450 ema.

375 2467 452 2521 ad
505 2467 683 2522 decem
736 2468 922 2533 milia,
982 2467 1091 2521 ‘bis
1148 2467 1236 2521 zu’
1302 2467 1353 2523 d.
1393 2468 1429 2521 i.

307 2536 578 2592 ‘binnen'.
665 2539 740 2592 ad
793 2539 909 2593 Ait.
968 2538 1074 2591 XII
1128 2544 1196 2593 46
1252 2540 1431 2594 ‘nescio

301 2609 439 2677 quid
473 2609 719 2675 intersit,
763 2616 951 2664 utrum
988 2611 1124 2664 illuc
1158 2626 1310 2665 ‘nunc
1344 2626 1429 2665 ve-

299 2680 455 2733 m‘am
502 2698 580 2735 om
633 2682 710 2750 qd
764 2682 941 2736 decem
989 2697 1196 2749 anno&
1249 2697 1308 2736 so
1355 2683 1433 2737 ad

301 2767 530 2817 annum,
567 2752 647 2806 im
683 2752 960 2807 niichsizen
997 2752 1184 2807 Jahre.
1241 2753 1311 2807 de
1349 2769 1428 2808 or.

298 2821 380 2874 III
417 2827 505 2889 24,
547 2828 612 2877 92
665 2830 730 2877 ut
775 2823 905 2889 tibi,
954 2824 1178 2890 Caesar,
1222 2825 1428 2891 facien-

300 2893 435 2945 dum
471 2898 548 2946 est
585 2895 660 2948 ad
696 2912 921 2948 armum.
1055 2931 1063 2938 ·

369 2979 533 3017 sensu
595 2971 808 3020 nostro:
871 2964 1032 3020 nicht
1097 2964 1275 3018 durch
1337 2966 1427 3020 die

297 3032 485 3088 Dauer
530 3052 759 3090 unseres
797 3035 1426 3104 Empfindungsvermo-

296 3121 455 3171 gensi,
494 3105 735 3159 sondern
773 3107 948 3161 durch
986 3107 1085 3160 das
1116 3105 1290 3160 Wohl
1327 3106 1426 3160 des

297 3175 671 3231 Vaterlandes
723 3177 900 3232 selbst
944 3177 1133 3231 lusson
1178 3176 1283 3229 wir
1326 3194 1426 3230 un-

298 3263 420 3301 sere
457 3246 632 3302 Liebe
672 3248 788 3301 und
827 3248 1003 3318 Sorge
1041 3264 1138 3300 um
1176 3248 1276 3301 das
1312 3247 1424 3302 Va-

296 3317 523 3371 terland
558 3318 852 3373 bestimmt
889 3318 1025 3387 sein,
1063 3318 1115 3375 d.
1132 3317 1188 3371 h.
1228 3334 1426 3372 unsere

299 3389 474 3457 Sorge
518 3389 797 3444 erstrecki:
835 3389 955 3444 sich
991 3388 1126 3442 weit
1161 3390 1300 3443 iiber
1336 3388 1427 3443 die

298 3458 421 3512 Zeila
470 3458 700 3528 hinaus,
769 3478 857 3516 wo
913 3460 1016 3514 wir
1072 3460 1248 3513 selbst
1303 3459 1428 3513 eine

297 3528 677 3599 Empfindung
728 3548 838 3586 von
893 3532 1020 3586 dem
1073 3530 1278 3585 Wohle
1331 3530 1428 3585 des

295 3599 670 3654 Vaterlandes
709 3602 909 3658 haben.

370 3670 511 3740 Kap.
535 3671 634 3726 38.
666 3678 752 3727 91.
798 3672 981 3742 Quare
1009 3673 1131 3727 licet
1159 3674 1264 3727 cet.
1315 3671 1427 3727 Cic.

295 3741 564 3796 beachtet
600 3741 761 3797 nicht
779 3786 792 3811 ,
832 3742 951 3798 dass
989 3760 1049 3797 er
1086 3743 1264 3798 damit
1302 3743 1430 3797 dem

299 3819 392 3880 14,
441 3819 506 3867 31
558 3816 831 3884 gesagten
877 3813 1294 3883 widerspricht,
1340 3831 1430 3869 wo

296 3901 356 3938 er
407 3884 497 3939 die
538 3885 714 3955 Sorge
768 3886 858 3939 fiir
912 3884 1002 3939 die
1051 3884 1300 3939 Zukunfb
1345 3886 1430 3939 als

295 3955 510 4080 Betyvelilis
536 3956 638 4010 der
656 3955 1135 4012 Unsterblichkeit
1153 3957 1252 4010 der
1270 3955 1430 4012 Seele

294 4042 367 4080 an
392 4032 431 4080 fi
472 4033 538 4082 rt.

314 4131 321 4136 ·
366 4099 430 4151 id
466 4114 581 4152 ‘non
621 4114 784 4167 ayas:
829 4099 941 4168 vgl.
983 4104 1069 4165 20,
1107 4103 1176 4152 45
1215 4098 1331 4152 nisi
1364 4098 1428 4151 id

296 4174 445 4238 ορατ.
499 4168 777 4224 Dasselbe
815 4168 1149 4237 allgemeine
1188 4167 1429 4238 Subjekt

294 4240 438 4293 wird
485 4239 664 4294 durch
712 4239 1110 4295 verschiedene
1146 4239 1428 4295 Personen

296 4310 699 4382 ausgedruokt.
774 4310 843 4366 de
882 4310 971 4368 off.
1010 4312 1061 4365 II
1100 4317 1194 4381 14,
1233 4315 1302 4365 50
1349 4310 1429 4364 Id

1540 2341 1665 2380 eum
1690 2324 2067 2393 periculosum
2100 2326 2213 2394 ipsi
2248 2331 2324 2379 est
2360 2330 2476 2380 tum
2502 2327 2670 2382 etiam

1539 2397 1827 2451 sordidum
1860 2426 1932 2436 —
1968 2397 2292 2452 committere
2335 2403 2400 2452 ut
2444 2413 2671 2453 accusa-

1540 2473 1627 2521 tor
1661 2468 1954 2522 nominere.

1614 2544 1699 2593 92.
1762 2539 1987 2605 faciunt
2050 2539 2103 2593 d.
2150 2537 2187 2593 i.
2242 2540 2492 2608 finywnt,
2558 2556 2671 2595 esse

1538 2610 1745 2666 volunt.

1610 2681 1789 2736 somni
1850 2681 2201 2736 simillimam.
2295 2679 2494 2735 Schlaf
2551 2681 2670 2735 und

1539 2752 1662 2807 Tod
1687 2751 1915 2806 werden
1942 2750 2237 2821 Zwillinge
2265 2753 2535 2821 ganamt,
2572 2752 2670 2807 bei

1537 2824 1701 2878 Hom.
1733 2822 1797 2877 Il.
1828 2821 1960 2875 XIV
1988 2827 2091 2877 231
2130 2820 2302 2876 heffst
2338 2822 2437 2877 der
2472 2823 2675 2878 Schlaf

1536 2899 1872 2963 κασίγνητος
1923 2889 2241 2961 θανάτοιος
2297 2892 2414 2963 vgl.
2470 2892 2538 2948 Il.
2588 2893 2669 2947 XI

1538 2972 1636 3018 241
1733 2959 2045 3033 κοιμήσατο
2136 2959 2377 3033 χάλκεον
2459 2959 2662 3020 ὕπνον.

1537 3034 1759 3090 Ebenso
1807 3035 1996 3089 stellte
2042 3034 2134 3089 die
2170 3034 2442 3106 ¹bildende
2479 3035 2666 3090 Kunst,

1535 3105 1699 3162 beide
1737 3106 1821 3160 als
1858 3105 2073 3159 Briider
2113 3106 2230 3159 dar.

1608 3179 1770 3246 quasi
1812 3193 1952 3231 vero,
2027 3175 2164 3230 Dass
2210 3177 2310 3231 der
2354 3177 2476 3231 Tod
2532 3178 2662 3232 dem

1539 3247 1764 3302 Schlafe
1801 3247 2028 3301 iihnlich
2079 3245 2199 3301 sein
2237 3248 2368 3316 soll,
2415 3247 2662 3304 miudert

1537 3318 1637 3372 das
1660 3317 2058 3372 Sohreckliche
2078 3319 2176 3373 des
2193 3317 2452 3372 Totseins
2483 3318 2662 3390 nicht,

1535 3389 1688 3443 wohl
1740 3390 1875 3443 aber
1924 3389 2072 3459 folgt
2122 3406 2222 3443 aus
2271 3388 2456 3443 dieser
2505 3389 2660 3444 Ahn-

1536 3460 1800 3527 lichkeit,
1848 3458 1971 3513 dass
2018 3460 2110 3514 die
2156 3460 2338 3514 Toten
2379 3459 2518 3514 kein
2554 3459 2664 3515 Ge-

1534 3530 1659 3584 fiihl
1692 3529 1897 3585 haben.

1606 3618 1675 3655 ‘ne
1711 3602 1803 3655 sui
1838 3602 2069 3670 quidem.
2138 3600 2324 3655 Selbst
2352 3600 2444 3655 die
2472 3602 2660 3671 Ango-

1537 3671 1792 3740 horigen,
1815 3673 1908 3727 die
1936 3673 2083 3726 doch
2109 3670 2493 3742 naturgemiil's
2522 3672 2663 3727 fiber

1538 3742 1647 3797 den
1683 3741 1966 3797 Todesfall
2004 3747 2256 3812 trauern,
2294 3744 2526 3798 wurden
2560 3743 2659 3799 lie·

1537 3814 1638 3868 ber
1674 3814 1782 3868 den
1821 3813 1943 3868 Tod
1981 3813 2066 3868 als
2105 3815 2268 3868 einen
2304 3813 2659 3885 dreissigjah-

1538 3885 1699 4010 riglen
1718 3884 1917 4011 Schlgff
1938 3886 2089 4010 {ihtes
2109 3884 2658 4011 thlrwangteikilwidin-

1540 3973 1598 4010 sc
1638 3973 1740 4024 en,
1805 3973 1838 4011 o
1880 3973 1937 4010 sc
1981 3972 2053 4010 on
2113 3974 2137 4010 1
2216 3973 2288 4011 en
2391 3973 2458 4011 oc
2603 3973 2659 4011 er

1534 4026 1733 4082 Sohlaf
1775 4027 1865 4082 die
1902 4026 2276 4097 Mogliehkeit
2320 4028 2491 4096 gabe,
2539 4028 2659 4082 sich

1533 4098 1747 4166 taglieh
1766 4100 1906 4152 iiber
1924 4098 2032 4152 den
2052 4097 2297 4151 Anbliok
2317 4097 2413 4151 des
2429 4097 2656 4167 Ihrigen

1535 4186 1602 4221 zu
1637 4168 1850 4222 frenen.

1609 4239 1782 4292 Luna
1818 4239 2043 4303 laboret,
2081 4238 2181 4291 der
2218 4238 2318 4297 auf
2350 4237 2657 4292 romischer

1535 4309 2085 4377 Volksansohauuug
2146 4309 2466 4363 bernhende
2515 4308 2657 4366 Au·-
