2902 4649
580 159 1180 239 TUSCULANARUM
1215 160 1828 218 DISPUTATIONUM
1863 162 1934 219 II.
1974 168 2166 218 9—14.
2468 161 2550 225 77

191 330 356 407 piam
399 326 654 388 barbare
698 326 980 406 loquatur
1023 337 1128 390 aut
1173 330 1226 388 si
1271 327 1531 390 absurde
1578 336 1750 389 canat
1794 329 1864 408 is,
1911 330 2018 407 qui
2053 346 2118 389 se
2154 327 2375 392 hahere
2413 327 2555 392 velit

188 418 510 497 musicum,
554 415 668 477 hoc
715 418 949 496 turpior
994 418 1091 497 sit,
1137 416 1297 496 quod
1343 419 1406 478 in
1453 435 1526 477 eo
1571 418 1703 498 ipso
1749 426 1976 498 peccet,
2023 419 2198 480 cuius
2238 418 2555 497 profitetur

185 507 526 585 scientiam,
569 507 655 568 sio
700 504 1093 584 philosophus
1138 508 1201 568 in
1247 508 1401 567 vitae
1448 507 1682 568 ratione
1725 524 1985 585 peccans
2020 505 2135 568 hoe
2173 508 2408 586 turpior
2445 516 2561 588 est,-

187 593 351 673 quod
409 595 473 658 in
532 594 755 673 officio,
812 596 986 656 cuius
1041 596 1324 673 magister
1379 612 1513 656 esse
1568 594 1715 673 volt,
1770 593 1991 660 labitur
2044 604 2354 674 artemque
2400 596 2554 656 vitae

184 683 503 763 professus
548 682 842 761 delinquit
886 684 949 743 in
998 685 1132 746 vita.
1222 685 1293 744 A.
1340 682 1553 745 Nonne
1598 683 1926 766 verendum
1971 690 2065 745 est
2109 685 2310 765 igitur,
2361 685 2413 745 si
2460 691 2554 746 est
2573 681 2615 745 5

184 774 290 852 ita,
337 780 407 833 ut
454 771 620 853 dicis,
667 789 742 834 ne
788 770 1223 853 philosophiam
1268 771 1414 834 falsa
1460 771 1646 851 gloria
1693 769 1992 836 exornes?
2052 771 2225 844 Quod
2264 780 2357 836 est
2394 774 2555 836 enim

183 863 384 934 maius
443 869 861 939 argumentum
924 860 1072 922 nihil
1127 879 1257 922 eam
1311 861 1600 941 prodesse
1657 878 1837 940 quam
1901 862 2191 941 quosdam
2253 861 2554 941 perfectos

183 948 578 1030 philosophos
624 951 882 1028 turpiter
928 945 1170 1010 vivere?
1260 951 1347 1011 M.
1394 949 1638 1012 Nullum
1673 968 1816 1012 vero
1862 950 1923 1011 id
1962 950 2203 1031 quidem
2238 968 2551 1029 argumen-
2578 963 2643 1013 13

183 1047 319 1100 tum
366 1046 477 1100 est.

186 1146 449 1207 sumque
496 1127 643 1188 illud
688 1127 853 1187 Accii

567 1037 717 1099 Nam
763 1047 831 1100 ut
876 1040 1003 1117 agri
1040 1056 1161 1100 non
1199 1056 1406 1104 omnes
1441 1038 1720 1118 frugiferi
1758 1047 1918 1121 sunt,
1963 1041 2068 1118 qui
2105 1039 2403 1120 coluntur,
2447 1038 2556 1101 fal-

551 1236 796 1296 Probae
840 1234 957 1296 etsi
1000 1239 1063 1296 in
1108 1241 1369 1310 segetem
1412 1234 1559 1296 sunt
1601 1232 1968 1296 deteriorem
2014 1236 2200 1295 datae

544 1322 779 1399 fruye's,
826 1330 1028 1385 tamen
1075 1327 1245 1401 ipsae
1288 1322 1507 1401 suapte
1551 1330 1783 1384 natura
1830 1321 2074 1397 enitent,

185 1431 277 1491 sio
327 1431 509 1489 animi
563 1448 683 1489 non
739 1448 947 1491 omnes
1004 1429 1150 1491 culti
1204 1430 1468 1491 fructum
1526 1430 1747 1491 ferunt.
1839 1430 2059 1511 Atque,
2120 1438 2189 1490 ut
2234 1432 2296 1490 in
2343 1429 2555 1491 eodem

185 1517 374 1580 simili
419 1535 643 1599 verser,
687 1526 758 1579 ut
803 1537 944 1599 ager
991 1521 1260 1599 quamvis
1305 1519 1522 1579 fertilis
1570 1520 1700 1579 sine
1747 1517 1982 1578 cultura
2027 1518 2373 1580 fructuosus
2421 1537 2553 1579 esse

188 1625 315 1686 non
374 1615 599 1687 potest,
659 1610 744 1668 sio
806 1610 935 1669 sine
994 1608 1265 1676 doctrina
1324 1609 1587 1668 animus:
1658 1610 1739 1668 ita
1799 1616 1892 1667 est
1950 1614 2204 1685 utraque
2265 1624 2365 1668 res
2425 1610 2554 1668 sine

188 1695 381 1757 altera
429 1694 657 1756 debilis.
750 1695 995 1758 Cultura
1041 1705 1242 1757 autem
1289 1698 1470 1756 animi
1516 1695 1890 1776 philosophia
1937 1703 2057 1776 est3
2106 1695 2251 1756 haec
2299 1697 2555 1758 extrahit

189 1786 337 1845 vitia
401 1784 688 1845 radicitus
754 1793 815 1846 et
876 1793 1192 1866 praeparat
1255 1788 1485 1845 animos
1556 1783 1628 1844 ad
1693 1792 1857 1845 satus
1922 1782 2300 1863 accipiendos
2366 1803 2554 1865 eaque

194 1872 438 1934 mandat
483 1875 556 1933 iis
605 1882 692 1955 et,
744 1881 816 1934 'ut
859 1876 943 1935 ita
988 1873 1207 1954 dicam,
1264 1876 1438 1953 serit,
1494 1892 1645 1952 quae
1693 1872 1893 1934 adulta
1938 1873 2172 1933 fructus
2217 1872 2556 1935 uberrimos

194 1962 411 2022 ferant.
503 1962 759 2042 Agamus
805 1965 1014 2049 igitur,
1068 1972 1137 2024 ut
1183 1964 1507 2042 coepimus
1601 1962 1734 2043 Dio,
1795 1964 1847 2023 si
1894 1964 1980 2023 vis
1992 2009 2010 2041 ‚
2066 1961 2140 2022 de
2189 1980 2307 2041 quo
2354 1962 2554 2043 dispu-

190 2053 312 2112 tari
360 2049 525 2112 velis.

376 2141 448 2200 A.
521 2139 855 2201 Dolorem
928 2142 1263 2201 existimo
1338 2158 1734 2201 maxumum
1807 2138 2151 2200 malorum
2228 2141 2645 2208 omnium.14

191 2228 283 2290 M.
332 2227 600 2289 Etiamne
646 2231 837 2290 maius
884 2247 1061 2309 quam
1109 2225 1418 2290 dedecus?
1501 2230 1571 2290 A.
1617 2227 1750 2289 Non
1797 2227 1986 2289 audeo
2032 2227 2093 2288 id
2140 2228 2342 2289 dicere
2390 2231 2554 2307 equi-

193 2316 337 2378 dem
383 2326 443 2379 et
489 2335 584 2378 me
629 2316 815 2398 pudet
861 2326 979 2383 tam
1027 2320 1146 2380 cito
1192 2317 1267 2379 de
1315 2320 1611 2380 sententia
1656 2336 1788 2381 esse
1836 2316 2149 2378 deiectum.
2232 2315 2320 2378 M.
2367 2316 2554 2398 Magis

192 2577 325 2619 cum
359 2565 540 2617 autem
573 2561 664 2616 hic
697 2560 879 2627 fervor
916 2590 986 2601 —-
1022 2562 1200 2617 animi
1235 2563 1322 2616 in-

192 2632 520 2687 veteraverit
555 2636 606 2687 et
641 2637 919 2701 tamquam
949 2633 1015 2689 in
1039 2633 1192 2691 venis
1218 2649 1323 2688 me-

191 2703 472 2772 dullisque
506 2703 782 2759 insederit.

273 2780 361 2828 12.
420 2775 652 2829 barbare
706 2774 857 2842 loqui
911 2798 980 2819 ==
1035 2775 1326 2843 inquinate

195 2846 373 2915 loqui,
414 2844 810 2914 Sprachfehler
844 2845 1099 2901 macheu.

269 2916 522 2971 absurde.
596 2915 685 2975 Da.
730 2915 834 2973 das
869 2915 1034 2973 Wort
1068 2931 1181 2971 von
1227 2916 1327 2972 der

195 2987 427 3043 Wurzel
450 2986 787 3054 herkommt‚
806 2986 1022 3042 welche
1042 2987 1161 3043 sich
1180 2988 1324 3042 aueh

193 3059 259 3114 in
295 3074 366 3113 su
404 3089 468 3098 --
506 3073 704 3113 eurrus
748 3057 864 3112 und
908 3058 1103 3127 σῦριγξ
1150 3058 1328 3116 findet

195 3128 318 3184 und
368 3129 585 3183 ‘tenen’
643 3129 933 3196 bedentet‚
989 3127 1066 3184 ist
1118 3146 1178 3184 es
1232 3148 1325 3183 ur-

198 3199 536 3270 spn’inglieh
580 3224 647 3246 ε
700 3201 954 3255 absonus
1029 3201 1101 3254 de
1147 3200 1260 3258 div.
1296 3201 1322 3254 I

197 3278 263 3339 9,
322 3276 390 3325 15
455 3272 797 3354 absurdoque
858 3287 993 3326 sono
1045 3272 1224 3338 fontes
1277 3277 1328 3327 et

195 3348 405 3412 stagna
458 3343 625 3399 cietis.
715 3342 787 3398 de
841 3359 919 3398 or.
966 3342 1049 3396 III
1106 3349 1200 3412 11,
1256 3348 1323 3397 41

197 3414 384 3469 mollis
419 3429 526 3468 vox
562 3417 663 3468 aut
697 3413 981 3475 muliebris
1025 3418 1127 3470 aut
1166 3415 1328 3483 quasi

196 3490 368 3542 extra
394 3485 613 3540 modum
637 3485 848 3545 abso-na
874 3489 1037 3554 atque
1066 3486 1325 3540 absurda.

273 3555 421 3638 Kap.
460 3555 518 3610 5.
579 3555 739 3626 Quod
773 3561 850 3610 est
885 3557 1028 3611 enim
1065 3557 1197 3610 cett:
1237 3556 1328 3610 ein

195 3625 295 3682 hei
324 3627 436 3681 den
463 3626 708 3683 Romern
735 3626 929 3709 hiiufig
955 3644 1098 3696 vorg
1095 3627 1326 3682 ebrach-

196 3702 291 3754 ἴθι·
326 3697 593 3767 Einwurf‚
632 3697 830 3755 dassen
866 3698 988 3753 emh
1025 3699 1170 3754 auch
1196 3698 1328 3755 Gor-

198 3767 388 3824 nelius
422 3740 616 3850 Nepos
645 3766 839 3826 Cicero
876 3769 1200 3840 gegeniiber
1236 3770 1329 3824 be·

197 3840 421 3905 (flente,
472 3837 568 3894 bei
611 3828 769 3896 Laet.
806 3841 939 3899 inst.
975 3841 1087 3896 div.
1125 3842 1205 3896 III
1244 3846 1327 3909 15,

203 3915 275 3965 10
317 3909 561 3965 Tantum
592 3912 760 3978 abest,
797 3917 862 3966 ut
886 3927 982 3980 eqo
1007 3912 1328 3981 maqistram

198 3997 313 4039 esse
351 3986 544 4050 putem
588 3983 734 4036 vitae
763 3983 1169 4052 philosophiam
1205 3985 1326 4038 bea-

199 4054 395 4123 tueque
428 4053 575 4108 uitae
606 4054 1003 4122 perfectricem,
1047 4059 1112 4108 ut
1157 4055 1329 4110 nullis

414 4125 715 4179 existimem
741 4141 880 4194 opus
906 4140 1013 4185 esse
1040 4127 1329 4210 magistros

202 4196 450 4261 vivendi,
498 4212 666 4264 quam
701 4196 978 4265 pleri-saue
1021 4197 1122 4265 qui
1164 4197 1229 4251 in
1263 4213 1328 4251 ea

199 4267 553 4336 disputanda
586 4271 893 4335 vorsantur.
978 4266 1148 4323 Video
1184 4269 1328 4323 enim

196 4355 464 4409 inaquam
528 4342 749 4407 partem
819 4355 1031 4408 eorum,
1105 4341 1204 4410 qui
1264 4341 1329 4395 in

1429 2503 1615 2617 schola
1641 2563 1707 2616 de
1728 2561 1943 2629 pudore
1959 2564 2012 2615 et
2029 2561 2370 2616 continentia
2393 2576 2555 2629 prae-

1430 2634 1648 2716 cipiant
1681 2632 2055 2701 argutissime,
2105 2631 2310 2687 eosdem
2345 2631 2411 2685 in
2445 2646 2554 2685 om-

1430 2704 1588 2758 nium
1617 2704 1914 2758 libidinum
1933 2702 2335 2771 cupiditatibus
2361 2701 2553 2757 vivere.

1507 2780 1590 2831 13.
1633 2774 1874 2828 Probae.-
1915 2773 2028 2828 Aus
2065 2773 2197 2828 dem
2225 2774 2428 2827 Atreus
2456 2772 2554 2828 des

1430 2844 1650 2900 AceiuS.
1672 2843 1727 2902 S.
1751 2843 1938 2899 Schol.
1962 2844 2209 2914 querg.
2233 2843 2436 2913 Georg.
2457 2843 2483 2896 I
2506 2850 2555 2900 1.

1432 2935 1570 3043 rugi*
1609 2932 1703 3043 {51⁹
1703 2920 1948 3042 θξιᾳιῗὲῑεᾶ
1986 2914 2355 3056 geatg'eeyetgzt
2355 2915 2558 3043 nini:-

1431 3058 1913 3115 dideri3.1b.36
1950 3062 2155 3112 stercioe
2190 3059 2560 3115 columbinum

1431 3146 1690 3200 sparyere
1735 3134 1942 3198 oportet
1989 3130 2055 3183 in
2089 3135 2327 3198 pratum
2367 3122 2451 3187 vel
2494 3129 2560 3184 in

1432 3203 1652 3257 hortum
1703 3201 1789 3256 vel
1840 3201 1905 3255 in
1956 3205 2192 3269 segetem.
2265 3215 2409 3270 seqes
2462 3199 2557 3254 be-

1433 3272 1691 3328 zeichnet
1735 3270 1860 3326 hier
1895 3271 2006 3326 den
2041 3289 2167 3325 zum
2203 3271 2420 3327 Bessan
2458 3270 2557 3325 be·

1435 3343 1726 3400 stimmten
1744 3342 1946 3409 Acker‚
1972 3343 2160 3411 fruqee
2189 3341 2278 3395 die
2297 3341 2558 3399 Aussaat.

1510 3421 1593 3471 14.
1648 3415 1712 3469 id
1758 3414 1938 3469 dicere
1991 3413 2260 3482 equidem.-
2314 3411 2560 3481 equidem

1435 3485 1559 3541 hier
1596 3483 1895 3541 koncessiv
1961 3484 2233 3539 ebra-uehi,
2259 3483 2365 3538 wie
2392 3500 2560 3538 unser

1438 3555 1728 3612 ‘freilich'.
1797 3554 1851 3609 S.
1881 3555 1906 3608 1
1986 3559 2018 3620 ἓ
2050 3560 2134 3609 10.
2190 3555 2265 3610 ad
2291 3554 2423 3610 fam.
2452 3554 2560 3609 XII

1436 3633 1523 3696 30,
1563 3633 1595 3682 3
1616 3643 1747 3682 non
1792 3627 2115 3683 dubitabam
2160 3628 2430 3696 equidem,
2475 3643 2559 3681 ve-

1433 3715 1562 3754 rum
1625 3704 1808 3755 tamen
1869 3698 2040 3761 multo
2102 3699 2239 3757 mihi
2295 3698 2560 3755 notiorem

1436 3785 1673 3825 amorem
1708 3775 1864 3827 tuum
1899 3769 2029 3836 feeit
2069 3767 2428 3838 Chaerippus.

1507 3842 1575 3896 de
1617 3841 1886 3899 sententia
1938 3856 2045 3897 esse
2093 3841 2369 3899 deiectum.
2445 3839 2558 3893 Das

1435 3912 1567 3967 Bild
1616 3912 1695 3967 ist
1742 3929 1855 3967 von
1916 3911 2046 3965 dem
2097 3910 2389 3969 Gladiator
2438 3912 2559 3965 ent·

1436 3999 1727 4048 nommen,
1783 3983 1882 4037 der
1928 3999 2029 4037 aus
2076 3981 2258 4037 seiner
2302 3979 2558 4038 Position

1436 4053 1747 4125 verdtiingt
1790 4052 1946 4108 wird.
2031 4053 2101 4109 de
2149 4052 2239 4108 off.
2278 4054 2303 4107 I
2341 4058 2437 4121 23,
2487 4058 2557 4108 80

1434 4126 1631 4183 Fortis
1665 4142 1788 4181 vero
1825 4125 2005 4180 animi
2049 4130 2100 4180 et
2144 4125 2446 4183 constantis
2482 4129 2560 4181 est

1434 4213 1550 4251 non
1577 4198 1904 4266 perturbari
1937 4197 2003 4250 in
2037 4196 2198 4251 rebus
2223 4196 2435 4265 asperis
2461 4211 2560 4253 nec

1435 4269 1857 4327 tumultuantem
1874 4269 1941 4323 de
1956 4268 2141 4336 qradu
2157 4267 2314 4322 deici.
2336 4266 2556 4323 Ebenso

1435 4339 1576 4394 wird
1613 4339 1873 4408 depellere
1908 4339 2221 4407 gebraucht
2255 4339 2282 4392 I
2319 4343 2404 4408 32,
2436 4344 2520 4394 7⁷.
