2902 4649
190 1758 271 1821 19

202 1837 275 1885 44

291 98 378 164 26

1073 99 1150 153 Μ.
1187 96 1439 156 TULLII
1475 98 1859 155 CICERONIS

293 272 517 327 tantem
577 267 736 326 enim
796 276 1057 327 mentem
1116 268 1198 327 ita
1259 268 1421 347 novi,
1481 285 1586 346 spe
1647 284 1858 328 eorum
1904 267 2200 347 omnium,
2259 283 2411 345 quae
2460 284 2643 346 supra

202 372 274 421 42
296 355 443 435 dixi,
489 355 618 415 fore
665 362 732 415 ut
777 363 989 418 natura
1034 357 1109 416 iis
1156 358 1390 435 potiens
1429 355 1633 416 dolore
1671 349 1910 416 careat?
1983 354 2177 433 Atque
2215 354 2363 415 haec
2403 353 2649 434 quidem

294 444 387 504 his
433 443 659 525 verbiS,
714 446 907 522 quivis
953 454 1021 505 ut
1074 444 1403 525 intellegat,
1460 463 1636 523 quam
1693 444 2055 524 voluptatem
2110 445 2271 505 norit
2325 443 2648 528 Epicurus

293 532 517 593 Deinde
573 531 748 612 paulo
802 533 958 593 infra
1023 529 1238 612 ‘Saepe
1296 530 1583 613 quaesivi'
1648 535 1844 612 inquit
1911 528 2009 593 ‘ex
2063 534 2166 614 iis,
2231 535 2335 611 qui
2389 532 2645 613 appella-

293 621 513 682 bantur
576 623 901 703 sapienteS,
968 623 1109 701 quid
1170 621 1459 684 haberent
1519 621 1675 701 quod
1736 625 1798 683 in
1859 621 2032 681 honis
2093 621 2530 703 relinquerent,
2596 624 2651 682 si

293 710 391 771 illa
438 709 859 792 detraxissent,
905 714 1022 774 nisi
1069 714 1121 772 si
1166 711 1384 773 vellent
1430 729 1606 772 voces
1652 713 1859 772 inanes
1905 709 2186 791 fundere3
2241 709 2389 770 nihil
2442 710 2515 771 ab
2569 713 2646 771 iis

292 800 462 879 potui
508 817 897 880 cognoscere:
943 802 1048 879 qui
1094 802 1146 861 si
1192 803 1444 861 virtutes
1484 799 1732 861 ebullire
1771 799 1970 860 volent
2007 808 2068 860 et
2105 801 2451 880 sapientiae,
2500 798 2652 860 nihil

293 886 451 949 aliud
506 888 708 949 dicent
763 891 881 950 nisi
936 907 1065 950 eam
1121 891 1300 971 viam,
1355 908 1472 969 qua
1526 889 1861 950 efficiantur
1921 906 2025 948 eae
2081 887 2442 970 voluptateS,
2497 906 2648 968 quas

294 995 473 1056 supra
533 973 694 1038 dixi?

292 1066 471 1147 liber,
519 1068 624 1145 qui
669 1075 760 1128 est
807 1067 881 1127 de
928 1086 1161 1128 summo
1200 1067 1385 1148 bono,
1431 1068 1692 1128 refertus
1739 1073 1830 1128 est
1874 1074 1935 1127 et
1978 1065 2181 1128 verbis
2228 1076 2290 1128 et
2335 1068 2649 1129 sententiis

202 1172 272 1221 43
294 1154 527 1215 talibus.
617 1155 706 1215 Ad
761 1156 1013 1217 hancine
1067 1159 1251 1236 igitur
1305 1159 1486 1217 vitam
1530 1155 1911 1216 Telamonem
1966 1154 2136 1216 illum
2190 1155 2524 1233 revocabis,
2580 1164 2650 1216 ut

293 1244 454 1305 leves
502 1243 962 1327 aegritudinem,
1009 1255 1095 1326 et,
1142 1248 1195 1306 si
1241 1263 1419 1325 quem
1467 1253 1710 1307 tuorum
1753 1243 2055 1306 adflictum
2103 1262 2370 1305 maerore
2410 1244 2650 1325 videriS,

294 1333 435 1394 huic
483 1335 891 1412 acipenserem
938 1338 1137 1413 potius
1184 1353 1360 1414 quam
1408 1333 1667 1413 aliquem
1706 1333 2077 1394 Socraticum
2123 1331 2389 1393 libellum
2437 1329 2650 1394 dabis?

293 1420 567 1501 hydrauli
612 1421 931 1483 hortabere
976 1432 1043 1484 ut
1090 1423 1289 1485 audiat
1334 1441 1512 1484 voces
1558 1425 1759 1503 potius
1805 1440 1981 1501 quam
2027 1418 2336 1483 Platonis?
2382 1440 2649 1501 expones

295 1528 445 1589 quae
493 1518 724 1589 spectet
768 1512 975 1572 florida
1022 1521 1084 1573 et
1127 1514 1317 1592 varia,
1374 1512 1725 1573 fasciculum
1781 1511 1852 1572 ad
1910 1528 2085 1571 nares
2132 1509 2505 1591 admovebiS,
2558 1512 2649 1571 in-

295 1598 514 1660 cendes
560 1598 803 1680 odores,
849 1608 910 1661 et
956 1603 1134 1661 sertis
1181 1601 1451 1662 redimiri
1497 1600 1731 1664 iubebis
1779 1608 1840 1661 et
1884 1595 2064 1660 rosa?
2120 1602 2171 1660 si
2229 1618 2368 1660 vero
2422 1598 2650 1678 aliquid

296 1690 472 1748 etiam
526 1721 633 1769 —,
678 1697 806 1750 tum
852 1689 1024 1769 plane
1072 1690 1299 1751 luctum
1346 1708 1584 1751 omnem
1630 1688 2004 1750 absterseriS.

469 1775 630 1838 Haec
683 1777 945 1857 Epicuro
1001 1778 1336 1839 confitenda
1402 1788 1542 1839 sunt
1598 1787 1699 1839 aut
1759 1796 1854 1857 ea,
1919 1795 2071 1856 quae
2127 1776 2303 1838 modo
2363 1795 2649 1856 expressa

293 1866 366 1925 ad
412 1865 660 1927 verbum
708 1867 853 1948 dixi,
914 1867 1173 1928 tollenda
1218 1868 1293 1929 de
1339 1867 1493 1928 libro
1549 1866 1641 1928 vel
1695 1875 1858 1929 totus
1913 1866 2068 1928 liber
2122 1868 2323 1946 potius
2382 1865 2648 1926 abiciun-

293 1954 431 2035 dus;
493 1964 585 2015 est
645 1958 802 2016 enim
865 1957 1171 2017 confertus
1230 1956 1651 2037 voluptatibus
1745 1953 2167 2027 Quaerendum
2222 1957 2406 2034 igitur
2467 1973 2648 2034 quem

294 2043 366 2103 ad
411 2043 654 2104 modum
699 2044 1068 2123 aegritudine
1115 2048 1417 2125 privemus
1465 2064 1629 2127 eum,
1677 2047 1782 2124 qui
1828 2047 1909 2105 ita
1955 2044 2143 2105 dicat:

427 2216 439 2229 .
489 2216 502 2229 .
552 2216 564 2229 .
613 2170 728 2230 Pol
768 2167 919 2230 mihi
954 2169 1212 2246 fortuna
1259 2166 1466 2245 mdqz‘s-
1500 2188 1664 2230 nune
1712 2171 1858 2242 defit
1901 2166 2084 2244 quam
2125 2186 2339 2244 qenuS.

289 2446 424 2484 man
449 2429 735 2496 Hoffnung
760 2429 885 2497 hat,
920 2429 1020 2484 auf
1044 2429 1133 2482 die
1163 2445 1410 2498 genaun-

288 2504 390 2556 ten
417 2500 625 2570 Dinge,
661 2500 935 2567 namlich‚
973 2500 1094 2555 dass
1130 2500 1229 2555 der
1253 2499 1412 2556 Geist

290 2573 351 2627 in
390 2572 573 2628 ihrem
607 2571 794 2626 Besitz
839 2588 951 2626 von
998 2570 1260 2626 Schmerz
1302 2571 1410 2627 frei

291 2643 410 2698 sein
446 2642 648 2699 werde.
722 2642 850 2697 wie
906 2642 1025 2697 also
1078 2658 1173 2711 spe
1224 2659 1410 2698 eorum

290 2716 533 2769 omnium
568 2732 635 2768 zu
683 2715 792 2780 ita,
848 2731 910 2769 so
965 2714 1124 2783 giebt
1174 2715 1294 2782 fore
1347 2720 1412 2769 ut

289 2785 416 2841 eine
434 2784 814 2854 Erlltuterung
843 2804 911 2839 zu
937 2802 1122 2840 eorum
1148 2787 1409 2840 onmium.

362 2861 448 2910 42.
467 2872 617 2911 voees
635 2858 715 2910 iu.
724 2857 984 2924 fuudere;
1002 2873 1125 2912 voce
1143 2859 1308 2911 luam·
1324 2872 1407 2912 so·

181 2934 188 2943 ¹
289 2943 427 2981 ‘aare
463 2928 592 2996 sagi.
626 2927 724 2980 der
758 2926 1070 2996 Epikureer
1116 2929 1185 2982 de
1221 2929 1316 2983 fin.
1354 2929 1407 2982 II

296 3003 380 3064 15,
408 3002 477 3051 48
507 3014 618 3051 von
643 2997 771 3051 dem
801 2998 1079 3053 stoischen
1110 3000 1405 3054 honestum.

362 3069 414 3123 si
473 3069 701 3122 virtutes
755 3070 978 3124 ebullire
1039 3071 1173 3136 vol„
1245 3087 1408 3124 wenn

291 3139 375 3194 sie
418 3140 529 3194 den
562 3139 738 3194 Mund.
773 3140 891 3194 voll
926 3141 1192 3208 nehmen,
1238 3142 1409 3210 prab-

291 3210 497 3265 lerisch
550 3227 662 3266 von
716 3210 826 3265 den
877 3212 1185 3280 Tugenden
1239 3211 1407 3267 reden

292 3283 522 3353 wollen‚
576 3300 638 3339 so
676 3281 878 3339 wissen
919 3284 1000 3337 sie
1038 3282 1183 3338 doch
1228 3281 1415 3338 nichts

279 3353 525 3408 anderes
579 3372 647 3408 zu
701 3369 890 3424 sagon.
984 3353 1053 3408 de
1098 3354 1192 3408 fin.
1237 3352 1288 3407 V
1326 3360 1412 3420 27,

294 3429 363 3478 80
402 3425 631 3480 Dioeerit
665 3427 763 3480 hoc
797 3427 939 3481 idem
956 3425 1247 3494 Epicurus
1280 3441 1412 3480 sem-

283 3511 390 3564 per
442 3496 657 3551 beatum
710 3512 818 3551 esse
880 3498 1205 3566 sapientem:
1265 3497 1413 3566 quod

291 3567 508 3634 quidem
543 3569 678 3622 solet
702 3568 927 3623 ebullire
953 3585 1066 3622 uon
1092 3584 1407 3637 numquam.

363 3638 693 3706 sapientiae,
745 3636 1309 3708 ‘Weisheitsregeln’.
1383 3638 1409 3691 I

296 3714 380 3776 16,
439 3714 508 3763 36
562 3709 909 3775 formidine&
965 3709 1409 3766 Schreckbilder.

293 3779 408 3834 Der
460 3779 652 3834 Plural
705 3797 818 3835 von
872 3780 1216 3834 Abstrakten
1269 3781 1411 3836 wird

292 3851 487 3921 haufig
547 3850 609 3904 in
672 3850 1004 3905 konkretem
1069 3848 1239 3906 Sinne
1311 3869 1409 3922 ge·

292 3921 551 3977 braucht‘.
620 3920 758 3976 Hier
786 3921 931 3991 liegt·
961 3921 1170 3991 jedoch
1197 3923 1255 3978 in
1283 3923 1410 3978 dem

295 3992 491 4048 Plural
528 3991 652 4047 eine
688 3993 923 4064 gewisse
960 3994 1159 4051 Ironie.

365 4070 451 4120 43.
509 4065 892 4133 acipenserem,
948 4065 1040 4120 ein
1084 4083 1152 4119 zu
1189 4065 1408 4120 Ciceros

294 4134 418 4190 Zeit
488 4137 635 4191 noch
712 4136 840 4192 sehr
912 4135 1411 4205 hochgeschtitzter

293 4207 490 4276 Fisch,
518 4205 808 4262 vielleicht
832 4225 1002 4263 unser
1029 4207 1181 4274 Stoi-3
1222 4206 1283 4260 in
1310 4207 1411 4261 der

293 4277 599 4334 Kaisetzeit
641 4278 776 4333 kam
816 4279 916 4334 der
950 4279 1119 4334 Fisch
1166 4294 1266 4333 aus
1313 4278 1411 4333 der

1519 2426 1704 2484 Mode.
1780 2429 1833 2484 S.
1872 2428 2151 2485 Heindorf
2181 2449 2227 2485 z.
2265 2428 2398 2484 Hor.
2437 2428 2557 2484 Sat.
2596 2430 2651 2485 ΙΙ

1520 2506 1581 2568 2,
1621 2506 1708 2556 47.

1589 2572 1880 2642 hydrauli,
1919 2572 2334 2642 Wasserorgel‚
2387 2572 2510 2627 eine
2547 2572 2648 2626 Er-

1518 2643 1753 2714 findung
1797 2644 1895 2698 des
1941 2642 2303 2698 Mechaniker
2339 2642 2646 2699 Ktesibius.

1517 2713 1735 2768 Pfeifen
1773 2714 2011 2770 standen
2065 2713 2173 2769 mit
2227 2714 2355 2768 dem
2410 2716 2649 2769 unteren

1519 2785 1675 2840 Teile
1712 2786 1774 2840 in
1812 2786 2064 2852 Waseer,
2103 2785 2230 2852 das,
2269 2802 2433 2841 wenn
2460 2802 2520 2840 es
2546 2786 2645 2841 be·

1516 2859 1668 2926 wegt
1684 2857 1891 2924 warde,
1919 2856 2011 2911 die
2029 2857 2166 2911 Luft
2196 2857 2645 2928 herausdrangte

1515 2928 1631 2981 und
1703 2927 1874 2983 somit
1945 2928 2100 2982 'Pone
2180 2929 2642 2997 hervorbtaehte,

1516 2998 1687 3053 deren
1724 2998 2104 3054 Lieblichkeit
2140 2999 2406 3068 geriihmt
2441 3000 2602 3054 wird.

1586 3071 1791 3137 florida
1816 3076 1867 3124 et
1890 3070 2162 3143 .vaa·ia„d.
2185 3070 2222 3123 i.
2251 3072 2439 3126 varios
2464 3072 2642 3139 flores.

1585 3141 1943 3208 fasciculum,
1981 3140 2231 3195 niimlich
2268 3143 2484 3209 florum.

1586 3217 1638 3267 et
1671 3214 1830 3267 sertis
1857 3242 1926 3252 -
1956 3218 2006 3267 et
2038 3226 2182 3267 rosa.
2258 3212 2323 3266 In
2348 3213 2458 3267 den
2475 3211 2641 3269 Wor-

1521 3285 1621 3337 ten
1657 3283 1799 3353 liegt
1823 3282 1974 3339 wohl
2001 3283 2125 3338 eine
2152 3283 2542 3339 Reminiscenz
2572 3301 2648 3339 an

1522 3354 1648 3410 eine
1704 3353 2127 3423 Dichterstelle,
2193 3355 2290 3409 dei·
2344 3356 2646 3411 Ausdruck

1519 3425 1598 3480 ist
1623 3426 1964 3495 wenigstens
2003 3425 2101 3480 der
2129 3426 2458 3495 poetischen
2485 3427 2644 3483 Rede

1520 3497 1833 3568 angepasst.

1588 3569 1640 3621 si
1692 3569 1910 3638 aliquid
1967 3569 2158 3623 etiam.-
2221 3567 2345 3623 eine
2401 3567 2643 3638 Aposio-

1516 3655 1665 3708 pene.
1743 3640 1904 3693 Auch
1955 3640 2101 3695 oben
2153 3638 2277 3693 sind
2329 3639 2421 3693 die
2458 3635 2645 3709 α’φρο-

1519 3711 1671 3764 δίσια
1717 3710 1824 3765 mit
1869 3712 1921 3764 si
1964 3727 2104 3779 quae
2149 3710 2295 3765 aliae
2338 3711 2647 3780 voluptates

1517 3798 1622 3835 nur
1659 3781 2016 3851 angedeutet.

1589 3853 1932 3907 absterseris:
1967 3852 2108 3906 iiber
2143 3853 2245 3907 das
2280 3851 2476 3906 Futur.
2516 3870 2646 3909 exa-

1519 3925 1672 3978 ctum
1710 3940 1752 3977 s.
1793 3942 1837 3979 z.
1878 3924 1931 3978 II
1970 3929 2063 3990 11,
2102 3929 2190 3980 26.

2682 101 2719 174 ιι

1588 3993 1732 4062 Kap.
1771 3987 1868 4048 19.
1928 3999 2016 4050 44.
2058 3994 2166 4050 Pol
2191 3996 2355 4050 mihi.-
2390 3995 2641 4050 trochfii·
2676 4043 2687 4051 .

1518 4064 1648 4120 eche
1686 4065 2037 4120 'reti-ametor
2072 4082 2174 4121 aus
2211 4064 2395 4120 einem
2430 4066 2645 4121 Stiicke

1519 4136 1617 4191 des
1652 4135 1881 4191 Ennius.
1954 4136 2210 4192 Ribbeck
2262 4138 2423 4193 Rom.
2474 4138 2643 4207 Trag.

1519 4225 1573 4276 p.
1636 4213 1739 4262 201
1805 4208 2116 4276 vermutet,
2182 4207 2303 4263 dass
2368 4208 2450 4263 sie
2514 4227 2645 4264 zum

1519 4278 1790 4349 Thyestes
1826 4279 2101 4350 gehorten
2136 4279 2250 4334 und
2296 4280 2405 4334 den
2445 4286 2533 4349 12,
2572 4286 2643 4335 26

2727 0 2762 16 Γ.

787 977 950 1049 Quae
1012 988 1349 1057 sequuntur
1408 981 1472 1039 in
1532 977 1738 1038 eadem
1802 979 2096 1040 sententia
2157 985 2299 1038 sunt
2362 985 2649 1056 totusque
2746 1003 2749 1006 ·
