2902 4649
371 123 499 209 126
1124 115 1225 197 ‘M.
1266 141 1513 200 rotun
1548 140 1934 201 emnnoms

367 310 625 392 quodam
670 308 846 372 modo
892 310 1023 389 ipse
1070 326 1135 370 se
1180 308 1524 372 incluserat.
1617 308 1775 380 Quin
1823 308 2030 388 etiam,
2084 323 2160 369 ne
2215 306 2449 370 tonsori
2502 303 2730 365 collum

365 402 793 478 committeret,
852 397 1104 462 tondere
1164 397 1313 464 filias
1373 414 1514 458 suas
1577 397 1796 459 docuit.
1887 395 1975 460 lta
2040 393 2282 462 sordido
2337 392 2730 474 ancillarique

365 488 615 554 artificio
662 489 860 567 regiae
905 487 1169 566 virgines
1174 533 1195 568 ‚
1240 493 1309 552 ut
1353 485 1771 567 tonstriculae,
1825 482 2153 550 tondebant
2205 482 2454 548 barbam
2511 490 2575 548 et
2630 499 2730 544 ca·

363 576 574 657 pillum
618 576 824 657 patris.
914 573 992 636 Et
1044 583 1245 636 tamen
1301 572 1374 635 ab
1430 573 1527 638 bis
1579 576 1756 656 ipsis,
1821 591 1960 638 cum
2022 575 2140 638 iam
2205 579 2409 640 essent
2470 570 2733 652 adultae,

366 665 598 727 ferrum
641 664 896 726 removit
939 665 1321 743 instituitque
1366 670 1435 725 ut
1480 661 1875 728 candentibus
1912 660 2280 742 iuglandium
2314 657 2733 741 putaminibus

276 763 344 814 59
368 752 614 822 barbam
660 751 777 814 sibi
822 760 884 813 et
928 751 1206 832 capillum
1253 750 1594 818 adurerent.
1686 750 1952 831 Cumque
2000 750 2148 811 duas
2192 766 2414 814 uxores
2453 747 2732 828 haberet,

367 840 847 922 Aristomachen,
893 842 1085 904 civem
1130 858 1327 921 suam,
1380 838 1664 904 Doridem
1709 848 1910 906 autem
1954 837 2344 919 Locrensem,
2399 838 2486 902 sic
2540 842 2731 900 noctu

366 927 439 992 ad
497 949 598 991 eas
649 928 1006 1010 ventitabat,
1069 936 1138 990 ut
1192 930 1391 990 omnia
1446 928 1859 1009 specularetur
1913 935 1975 990 et
2027 933 2512 1007 perscrutaretur
2567 932 2732 986 ante.

364 1018 444 1080 Et
488 1037 626 1089 cum
672 1019 894 1083 fossam
938 1017 1118 1082 latam
1163 1016 1492 1082 cubiculari
1535 1016 1691 1082 lecto
1747 1009 2242 1082 circumdedisset
2296 1016 2549 1093 eiusque
2603 1012 2729 1072 fos-

366 1125 465 1169 sae
530 1108 852 1174 transitum
914 1105 1219 1186 ponticulo
1294 1104 1492 1185 ligneo
1566 1106 2000 1186 coniunxisset,
2074 1122 2215 1167 eum
2284 1105 2510 1184 ipsum,
2583 1118 2733 1164 cum

365 1197 558 1260 forem
604 1194 866 1258 cubiculi
902 1194 1223 1275 clauserat,
1269 1193 1680 1273 detorquebat.
1770 1193 2054 1273 Idemque
2102 1209 2240 1256 cum
2284 1193 2348 1256 in
2394 1191 2730 1254 communi-

365 1283 480 1345 bus
528 1285 824 1364 suggestis
869 1285 1201 1346 consistere
1247 1301 1369 1343 non
1415 1282 1691 1365 auderet,
1738 1283 2079 1344 contionari·
2115 1298 2189 1346 ex
2226 1282 2382 1345 turri
2420 1280 2537 1344 alta
2572 1276 2731 1342 sole·

278 1384 349 1434 60
368 1372 486 1434 bat.
578 1372 773 1453 Atque
818 1374 871 1440 is
909 1389 1047 1436 cum
1082 1371 1202 1452 pila
1237 1370 1445 1438 ludere
1482 1370 1661 1438 vellet
1697 1404 1782 1418 -÷-
1821 1370 2087 1432 studiose
2125 1371 2287 1436 enim
2321 1368 2383 1434 id
2418 1366 2735 1432 factitabat

367 1492 455 1512 --
513 1463 893 1540 tunicamque
957 1468 1236 1541 poneret,
1301 1459 1776 1540 adulescentulo,
1843 1477 2022 1538 quem
2086 1457 2344 1539 amabat,
2405 1455 2731 1524 tradidisse

367 1548 628 1629 gladium
673 1550 909 1611 dicitur.
1000 1548 1112 1610 Hic
1157 1567 1295 1609 cum
1342 1547 1585 1628 quidam
1629 1547 1936 1614 familiaris
1989 1549 2194 1610 iocans
2249 1546 2499 1614 dixisset
2545 1540 2732 1608 ‘Huic

368 1637 612 1717 quidem
684 1645 850 1699 certe
923 1639 1102 1701 vitam
1173 1646 1339 1698 tuam
1411 1631 1778 1717 committis'‚
1852 1635 2280 1714 adrisissetque
2353 1633 2733 1712 adnleseens,

367 1732 693 1807 utrumque
730 1726 907 1788 iussit
943 1725 1225 1806 interfici,
1263 1725 1544 1806 alterum,
1582 1727 1721 1804 quia
1757 1726 1913 1788 viam
1948 1725 2478 1788 demonstravisset
2512 1722 2725 1786 interi-

363 1814 569 1876 mendi-
612 1815 735 1895 sui,
782 1813 1061 1894 alterum,
1108 1816 1246 1892 quia
1293 1813 1520 1876 dictum
1564 1812 1627 1873 id
1675 1815 1803 1878 risu
1850 1811 2313 1893 adprobavisset.
2404 1811 2604 1891 Atque
2654 1826 2729 1874 eo

365 1903 521 1964 facto
571 1904 657 1963 sic
705 1901 921 1983 doluit,
967 1900 1118 1962 nihil
1162 1909 1231 1962 ut
1274 1901 1484 1968 tulerit
1529 1904 1768 1981 gravius
1813 1904 1876 1962 in
1921 1904 2068 1981 vita3
2114 1918 2295 1979 quem
2339 1901 2500 1965 enim
2548 1897 2729 1964 vehe-

364 1997 600 2052 menter
662 1998 913 2070 amarat‚
976 1988 1292 2052 occiderat.
1389 1989 1490 2052 Sic
1544 1989 1961 2054 distrahuntur
2014 1992 2079 2050 in
2136 1990 2467 2052 contrarias
2519 1993 2729 2067 partes

257 2123 340 2188 21
362 2080 761 2158 inpotentium
808 2077 1188 2158 cupiditates:
1233 2094 1371 2140 cum
1406 2077 1550 2140 huic
1587 2077 1911 2142 obsecutus
1950 2081 2033 2144 sis
2042 2125 2060 2159 ,
2104 2076 2191 2138 illi
2236 2084 2332 2140 est
2375 2093 2727 2156 repugnan-

276 2202 342 2252 61
366 2166 525 2229 dum.
619 2166 990 2247 Quamquam
1034 2165 1132 2228 hic
1180 2165 1421 2246 quidem
1466 2174 1755 2247 tyrannus
1798 2169 1932 2247 ipse
1985 2166 2270 2230 iudicavit
2326 2182 2506 2248 quam
2562 2170 2730 2228 esset

364 2254 593 2317 beatus
684 2255 834 2317 Nam
879 2273 1018 2317 cum
1054 2254 1294 2334 quidam
1338 2274 1412 2318 ex
1460 2258 1589 2320 eius
1626 2254 2132 2336 adsentatoribuS‚
2177 2252 2516 2334 Damoclem,
2563 2270 2728 2316 com-

364 2353 726 2411 memoraret
791 2347 856 2405 in
911 2362 1187 2405 sermone
1245 2346 1446 2424 copias
1503 2346 1659 2424 eim,
1714 2363 1859 2424 opes
1867 2393 1887 2426 ‚
1942 2346 2311 2409 maiestatem
2366 2342 2731 2423 dominatus,

364 2451 569 2495 rerum
626 2432 1074 2513 abundantiam,
1131 2434 1626 2512 magnificentiam
1682 2432 1918 2495 aedium
1973 2434 2299 2512 regiarum,
2352 2436 2727 2511 negaretque

364 2539 649 2601 umquam
723 2520 1052 2582 beatiorem
1124 2539 1485 2601 quemquam
1558 2521 1771 2602 fuisse,
1835 2516 2038 2581 ‘Visne
2107 2515 2335 2601 igitur',
2397 2520 2598 2598 inquit
2662 2514 2725 2578 ‘o

366 2608 670 2690 Damocle,
736 2612 1016 2688 quoniam
1074 2618 1132 2670 te
1189 2609 1335 2671 haec
1391 2613 1508 2671 vita
1562 2608 1844 2691 delectat,
1906 2612 2034 2689 ipse
2091 2626 2220 2669 eam
2276 2607 2595 2687 degustare
2662 2613 2730 2668 et

437 2819 500 2870 ut
526 2815 900 2871 tonstriculae.
956 2814 1071 2870 Das
1091 2814 1362 2870 Geschaft
1389 2815 1488 2871 des
1595 2813 1856 2869 Perfekts
1893 2811 1973 2868 ist
2007 2815 2247 2885 gesem,
2291 2811 2426 2868 weil
2460 2812 2571 2867 mit
2605 2810 2727 2866 die·

364 2884 699 2941 Barbierens
752 2886 945 2942 wurde
1009 2886 1155 2940 auch
1217 2886 1279 2941 in
1341 2886 1487 2941 Rom
1598 2902 1717 2940 sem
1754 2885 1916 2940 Satze
1955 2883 2047 2941 die
2083 2883 2364 2941 Eaahlun
2447 2882 2727 2953 abgebro·

365 2955 611 3011 vielfach
638 2973 752 3012 von
778 2957 998 3012 Frauen
1024 2957 1269 3027 besorgt.
1319 2958 1485 3012 Mart.
1596 2956 1740 3011 chen
1775 2955 1892 3010 und
1929 2954 2029 3009 das
2064 2954 2327 3011 Rssnltat
2403 2970 2463 3009 es
2493 2951 2729 3011 amen

363 3025 420 3080 ΙΙ
457 3032 543 3093 17,
574 3033 604 3082 1
648 3026 913 3083 Tonstrix
939 3026 1193 3083 Suburae
1227 3028 1489 3096 faucibus
1594 3026 1851 3097 gegeben
1885 3024 2043 3081 wird.

364 3097 511 3152 sedet
550 3097 765 3166 primis.
839 3097 1023 3152 Plaut-
1072 3099 1234 3154 Truc.
1281 3098 1335 3151 H
1378 3103 1485 3152 451
1665 3113 1790 3152 cum
1814 3127 1884 3136 —
1913 3097 2006 3151 sis.
2079 3113 2203 3152 cwm
2238 3096 2314 3151 ist
2355 3095 2560 3150 kansal
2596 3094 2724 3154 auf-

372 3167 705 3225 Tonstriccm
740 3166 948 3224 Suram
983 3169 1188 3223 novisti
1221 3173 1484 3225 nostram.
1595 3167 1877 3235 zufassen3
1932 3165 2047 3236 vgl.
2085 3166 2112 3219 I
2149 3171 2180 3233 5
2218 3172 2287 3222 88
2342 3167 2554 3222 dicitur
2609 3166 2727 3221 alio

436 3243 522 3294 59.
562 3240 706 3297 duas
740 3254 966 3306 uxores,
1001 3238 1091 3303 die
1129 3255 1190 3293 er
1225 3237 1388 3297 beide
1417 3257 1487 3295 zu
1592 3239 1751 3294 modo
1778 3239 1943 3294 etiam
1969 3254 2178 3305 carcre,
2206 3253 2329 3292 cum
2357 3237 2580 3308 aliquid
2605 3252 2722 3293 non

364 3309 615 3380 gleicher
642 3309 766 3365 zeit
790 3311 940 3365 nach
966 3309 1096 3365 dem
1119 3309 1274 3365 Tode
1303 3308 1487 3372 seiner
1592 3310 1808 3365 habeas.
2774 3318 2787 3329 ⁸

365 3381 554 3436 ersten
590 3380 739 3435 Fran
775 3381 1068 3436 heiratete.
1665 3381 1753 3439 Ka
1792 3423 1804 3436 .
1845 3379 1943 3436 21.
2017 3385 2102 3435 61.
2152 3376 2455 3447 iudicavit,
2511 3377 2722 3451 sprach

436 3451 882 3519 Aristomachen,
916 3450 1008 3506 die
1039 3450 1351 3509 Schwester
1387 3452 1485 3508 des
1595 3451 1717 3506 sein
1802 3449 1935 3505 rteil
1972 3467 2087 3506 aus.

364 3522 690 3577 bekannten
723 3522 887 3578 Dion.
1663 3521 1982 3577 Damocles.-
2033 3521 2124 3576 die
2161 3520 2460 3576 Anekdotc
2499 3518 2724 3576 scheint

436 3593 746 3647 cubiculari
781 3593 930 3648 lecto.
1003 3593 1138 3647 Man
1175 3592 1322 3648 muss
1361 3592 1486 3648 sich
1594 3592 1686 3647 ein
1720 3591 2244 3651 beliebtes.'1'hema
2280 3591 2382 3646 der
2408 3590 2724 3646 Rhetoren-

367 3661 459 3716 die
504 3661 879 3744 Einrichtung
934 3679 996 3718 so
1052 3663 1298 3731 «louhen,
1357 3663 1482 3719 dass
1597 3662 1832 3718 schnlen
1904 3678 2164 3734 gewesen
2225 3680 2295 3717 zu
2359 3662 2494 3717 sein.
2585 3661 2725 3718 Hor.

364 3732 661 3788 innerhalb
708 3733 808 3789 des
853 3751 934 3787 im
968 3733 1343 3805 Erdgeschoss
1390 3735 1488 3789 be·
1598 3750 1766 3788 carm.
1823 3732 1906 3786 III
1965 3740 2022 3801 1,
2081 3739 2146 3789 17
2212 3733 2523 3789 Destrictus
2578 3733 2727 3788 ensis

364 3802 669 3859 findlichen
707 3803 1016 3859 Gemaches
1063 3823 1161 3860 um
1207 3805 1308 3860 das
1354 3803 1491 3860 Bett
1597 3806 1690 3860 cui
1725 3821 1891 3873 suqoer
1925 3805 2101 3874 impia
2128 3804 2330 3859 cervice
2348 3805 2569 3874 pendet,
2604 3819 2723 3858 non

365 3873 458 3930 ein
497 3875 723 3930 Graben
768 3874 876 3929 mit
910 3875 1064 3944 Zug·
1120 3876 1255 3931 oder
1308 3875 1488 3930 Dreh-
1598 3874 1820 3930 Siculae
1872 3875 2043 3945 dapes
2097 3876 2307 3931 dulcem
2359 3875 2727 3933 elaborabunt

364 3946 577 4001 brucke
613 3945 930 4001 herumlief.
1595 3962 1858 4016 saporem.

438 4018 740 4072 transitum
786 4048 854 4057 —
902 4017 1303 4085 coniunxisset,
1359 4018 1412 4072 d.
1449 4019 1486 4074 i.
1669 4018 1987 4101 depastura,
2043 4017 2097 4072 d.
2150 4017 2190 4074 i.
2246 4018 2459 4084 leviter,
2519 4016 2725 4085 primis

367 4088 668 4158 transitum
751 4089 1131 4158 coniwnycndo
1216 4090 1487 4157 effecisset.
1597 4089 1771 4144 labris
1805 4093 2044 4159 qustarc.
2120 4087 2244 4143 Son.
2292 4103 2380 4158 ep.
2428 4093 2529 4155 33,
2562 4092 2595 4142 5
2633 4087 2726 4141 de-

520 4157 616 4213 ich
651 4157 795 4212 wird
831 4161 1033 4227 flumen
1063 4163 1231 4229 ponte
1265 4160 1493 4231 iwnycrc
1590 4175 1738 4228 pone
1773 4161 1938 4216 istam
1972 4175 2120 4229 spem
2144 4175 2307 4229 posse
2332 4163 2384 4213 te
2407 4158 2726 4213 summatim

367 4230 586 4300 gesagt.
1599 4232 1886 4301 deyustarc
1922 4232 2151 4301 ingenia
2183 4230 2551 4285 maximorum
2576 4229 2726 4284 viro-

440 4305 526 4356 60.
564 4299 767 4355 tulerit.
841 4299 953 4356 Der
988 4300 1338 4372 Konjunktiv
1392 4299 1492 4356 des
1599 4319 1749 4357 rum.-
1813 4306 1929 4358 tota
1990 4303 2096 4358 tibi
2156 4300 2507 4371 inspicienda
2568 4303 2721 4356 swnt.
