2902 4649
593 133 1196 191 TUSCULANARUM
1232 133 1843 191 DISPUTATIONUM
1878 135 1947 192 V.
1989 143 2212 195 15—20.
2445 137 2569 203 107

225 297 671 383 concupiscant,
726 302 885 364 nulla
930 304 1225 382 inpotenti
1271 302 1493 365 laetitia
1539 304 1906 384 ecferantur,
1962 303 2120 365 beati
2167 306 2313 385 sint,
2368 306 2569 384 itaque

221 391 278 452 id
317 389 425 452 tibi
461 391 748 471 conced03
797 391 1050 453 alterum
1086 401 1283 452 autem
1322 394 1436 453 iam
1474 394 1776 472 integrum
1822 411 1942 454 non
1991 401 2107 474 est3
2154 393 2569 472 superioribus

220 483 378 541 enim
424 479 922 562 disputationibus
969 482 1248 542 effectum
1295 489 1388 542 est
1427 499 1636 542 vacare
1682 484 1846 541 omni
1891 483 2069 542 animi
2116 481 2567 560 perturbatione

219 571 558 649 sapientem.
651 570 736 630 M.
784 568 1077 631 Nimirum
1123 571 1307 648 igitur
1353 570 1621 631 confecta
1669 588 1769 630 res
1816 579 1935 650 est,
1992 570 2228 631 videtur
2285 573 2444 632 enim
2492 571 2564 632 ad
2588 582 2654 633 18

216 660 437 719 exitum
482 660 716 719 venisse
763 660 1051 737 quaestio.
1124 659 1195 720 Α.
1241 657 1436 737 Prope
1485 660 1727 720 modum
1772 658 1832 719 id
1880 658 2137 739 quidem.
2220 660 2304 720 M.
2343 659 2565 721 Verum

216 754 410 808 tamen
456 746 1009 809 mathematicorum
1054 749 1170 808 iste
1214 765 1345 808 mos
1392 757 1501 828 est,
1548 766 1667 808 non
1707 756 1800 808 est
1834 747 2341 828 philosophorum.
2415 748 2565 809 Nam

213 844 544 914 geometrae
592 854 732 897 cum
776 835 995 915 aliquid
1043 836 1259 897 docere
1306 837 1530 917 volunt,
1576 839 1628 897 si
1675 838 1816 916 quid
1857 836 1928 897 ad
1967 854 2096 897 eam
2133 855 2263 898 rem
2300 840 2563 916 pertinet

212 942 442 1004 eorum,
489 943 640 1003 quae
686 934 822 986 ante
869 924 1230 1005 docuerunt,
1290 926 1350 987 id
1398 933 1645 987 sumunt
1688 944 1799 1004 pro
1846 943 2132 987 concesso
2180 936 2240 987 et
2284 925 2562 1008 probato:

210 1013 349 1074 illud
395 1014 572 1075 modo
620 1013 941 1094 explicant,
995 1013 1068 1074 de
1132 1032 1251 1094 quo
1298 1024 1435 1076 ante
1483 1014 1632 1076 nihil
1678 1018 1968 1094 scriptum
2015 1024 2124 1076 est.
2214 1013 2559 1094 Philosophi

212 1119 643 1182 quamcumque
703 1120 831 1163 rem
884 1101 1109 1164 habent
1161 1104 1225 1164 in
1281 1103 1583 1185 manibuS,
1646 1106 1708 1164 in
1776 1121 1903 1164 eam
1972 1121 2121 1182 quae
2181 1104 2558 1183 conveniunt,

211 1199 541 1271 congerunt
585 1194 798 1271 omnia,
845 1193 961 1252 etsi
1006 1191 1119 1253 alio
1166 1192 1296 1252 loco
1346 1192 1645 1271 disputata
1691 1201 1848 1253 sunt.
1941 1191 2115 1264 Quod
2160 1194 2224 1253 ni
2259 1194 2342 1253 ita
2380 1201 2558 1274 esset,

209 1297 313 1340 cur
359 1279 627 1360 Stoicus,
684 1283 734 1341 si
792 1290 950 1342 esset
1006 1283 1341 1360 quaesitum
1396 1284 1617 1342 satisne
1665 1281 1737 1342 ad
1781 1280 1952 1342 beate
2000 1280 2319 1341 vivendum
2365 1284 2558 1342 virtus

205 1377 421 1450 posset,
469 1369 655 1430 multa
700 1365 970 1444 diceret?
1030 1371 1128 1430 cui
1174 1372 1318 1431 satis
1365 1379 1526 1431 esset
1570 1369 1936 1454 respondere
1983 1388 2049 1430 se
2097 1377 2234 1430 ante
2280 1369 2556 1431 docuisse

207 1458 347 1519 nihil
399 1457 625 1518 bonum
682 1476 816 1519 esse
872 1459 989 1518 nisi
1044 1459 1202 1538 quod
1258 1458 1581 1520 honestum
1635 1466 1821 1538 esset,
1880 1459 1994 1520 hoc
2050 1457 2300 1540 probato
2348 1476 2554 1519 conse-

211 1564 393 1625 quens
455 1565 590 1608 esse
650 1546 882 1607 beatam
942 1549 1121 1608 vitam
1177 1550 1395 1608 virtute
1458 1566 1589 1608 esse
1652 1555 2017 1627 contentam,
2078 1554 2141 1607 et
2202 1565 2319 1627 quo
2381 1547 2556 1608 modo

210 1633 315 1696 hoc
370 1638 452 1696 sit
508 1654 883 1715 consequens
938 1634 1051 1717 illi,
1107 1639 1194 1697 sic
1249 1635 1396 1697 illud
1450 1636 1618 1716 huic,
1680 1643 1773 1717 ut,
1829 1637 1881 1696 si
1933 1635 2107 1696 beata
2162 1638 2280 1696 vita
2335 1638 2556 1696 virtute

206 1732 480 1786 contenta
529 1727 634 1805 sit,
681 1726 796 1784 nisi
843 1723 1159 1785 honestum
1209 1724 1367 1804 quod
1415 1727 1520 1806 sit,
1580 1724 1728 1785 nihil
1775 1724 1933 1785 aliu'd
1979 1726 2059 1785 sit
2101 1723 2342 1786 bonum.
2436 1723 2554 1785 Sed

207 1819 396 1874 tamen
458 1832 584 1874 non
645 1823 830 1891 agunt
887 1815 991 1874 sic.
1081 1812 1228 1874 Nam
1291 1822 1353 1875 et
1409 1813 1485 1875 de
1545 1813 1796 1874 honesto
1859 1822 1920 1874 et
1979 1813 2051 1873 de
2109 1825 2341 1874 summo
2397 1812 2555 1874 bono
2578 1821 2644 1871 19

208 1905 522 1981 separatim
565 1901 705 1962 libri
751 1911 908 1981 sunt,
958 1909 1019 1962 et
1065 1920 1204 1963 cum
1250 1920 1323 1963 ex
1370 1920 1440 1963 eo
1489 1903 1784 1963 efficiatur
1830 1904 1974 1963 satis
2021 1920 2294 1980 magnam
2339 1904 2402 1963 in
2440 1905 2555 1963 vir-

208 1997 325 2051 tute
372 1990 445 2051 ad
493 1990 666 2051 beate
712 1990 1030 2051 vivendum
1076 2010 1209 2052 esse
1255 1993 1407 2071 vim,
1454 1990 1639 2051 nihilo
1686 1993 1884 2051 minus
1930 1990 2044 2051 hoc
2091 1999 2274 2068 agunt
2322 2008 2554 2069 separa-

206 2080 321 2141 tim.
385 2079 660 2159 Propriis
706 2081 865 2140 enim
912 2089 973 2140 et
1018 2082 1143 2141 suis
1190 2083 1558 2159 argumentis
1606 2089 1668 2140 et
1710 2078 2214 2139 admonitionibus
2250 2078 2555 2140 tractanda

205 2184 471 2249 quaeque
533 2186 633 2228 res
704 2177 822 2249 est,
892 2175 1052 2229 tanta
1116 2171 1488 2247 praesertim.
1581 2166 1732 2229 Cave
1793 2170 1952 2228 enim
2011 2176 2187 2246 putes
2249 2167 2427 2227 ullam
2491 2170 2555 2228 in

194 2256 570 2340 ‘philosophia
628 2275 835 2318 vocem
904 2259 1181 2318 emissam
1253 2257 1565 2318 clariorem
1634 2255 1893 2318 ullumve
1955 2273 2087 2316 esse
2145 2255 2552 2336 philosophiae

205 2349 559 2424 promissum
607 2345 854 2408 uberius
899 2355 1000 2407 aut
1046 2349 1255 2408 maius,
1345 2346 1494 2407 Nam
1543 2346 1687 2426 quid
1731 2341 2100 2425 profitetur?
2181 2344 2230 2405 Ο
2277 2345 2338 2406 di
2382 2344 2550 2407 boni!

203 2436 601 2512 perfecturam
648 2454 739 2517 se,
794 2438 896 2514 qui
956 2434 1188 2514 legibus
1236 2438 1360 2496 suis
1405 2438 1733 2516 paruisset,
1789 2442 1858 2495 ut
1904 2442 2062 2495 esset
2109 2442 2318 2495 contra
2363 2434 2552 2495 fortu-

204 2540 331 2584 nam
377 2542 618 2602 semper
664 2532 960 2605 armatuS,
1006 2533 1075 2586 ut
1119 2526 1315 2585 omnia
1360 2524 1656 2605 praesidia
1701 2523 1950 2584 haberet
1982 2525 2056 2583 in
2105 2541 2168 2583 se
2215 2522 2368 2583 bene
2413 2523 2550 2584 bea·

202 2617 371 2691 teque
420 2612 672 2694 vivendi,
727 2622 797 2674 ut
850 2621 1011 2674 esset
1068 2630 1305 2693 semper
1364 2612 1624 2693 denique
1669 2612 1897 2673 beatus.
1992 2611 2109 2673 Sed
2159 2611 2359 2673 videro
2408 2612 2549 2692 quid
2570 2627 2639 2678 20

203 2699 436 2763 efficiat:
486 2702 778 2782 tantisper
822 2701 936 2763 hoc
981 2703 1178 2780 ipsum
1217 2705 1414 2782 magni
1450 2710 1738 2781 aestumo,
1786 2701 1945 2781 quod
1980 2699 2313 2781 pollicetur.
2398 2700 2547 2761 Nam

203 2889 355 2945 Auet.
394 2891 469 2945 ad
506 2889 637 2945 Her.
665 2890 738 2944 IV
772 2895 858 2957 28,
894 2896 961 2945 39
998 2907 1113 2946 non
1137 2896 1319 2961 potest
1424 2890 1576 2946 biete
1614 2890 1714 2944 der
1740 2889 2117 2963 Philosophia.
2163 2890 2546 2960 philosophiae

207 2960 330 3027 dici,
364 2963 505 3030 quin
541 2963 808 3017 commode
842 2962 959 3029 fiat.
1426 2986 1495 3008 =
1523 2962 1987 3031 philosophorum.

272 3033 546 3102 intem-um
590 3049 704 3088 ‘non
748 3038 852 3100 est,
908 3049 967 3088 es
1021 3033 1099 3089 ist
1143 3033 1318 3089 sehon
1488 3034 1786 3102 paruisset.
1859 3031 1985 3086 Wir
2039 3033 2229 3087 setzen
2285 3032 2384 3087 das
2438 3032 2547 3086 Im·

204 3099 565 3172 besprochen,
601 3103 979 3159 entechieden.
1019 3103 1073 3159 S.
1103 3123 1147 3158 z.
1178 3109 1208 3170 ξ
1231 3110 1315 3162 62.
1423 3102 1665 3174 perfekt.
1761 3103 1877 3158 Das
1931 3102 2548 3172 Plusquamperfectm'm

205 3187 279 3241 pr.
309 3174 451 3230 Mur.
482 3180 570 3243 21,
598 3180 666 3228 43
705 3176 886 3229 dicam
919 3176 1035 3230 iam
1072 3177 1319 3245 apertius
1425 3175 1596 3247 steht,
1635 3191 1799 3229 wenn
1833 3174 1925 3229 die
1960 3174 2265 3244 Handlung
2300 3173 2397 3228 des
2435 3174 2548 3227 Ne·

206 3272 267 3282 -
314 3247 512 3300 amisso
556 3247 673 3300 iam
718 3252 976 3315 tempore,
1056 3262 1162 3302 uae
1205 3249 1320 3317 ipsi
1424 3247 1715 3301 bensatzes
1752 3246 1946 3299 friiher
1977 3245 2276 3316 begonnen
2320 3245 2426 3299 hat.
2459 3244 2545 3298 als

199 3315 300 3369 soli
339 3333 399 3370 re
441 3318 661 3387 &nteyra
707 3322 829 3386 (vor
880 3318 979 3373 der
1071 3318 1317 3374 1111001101-
1425 3315 1519 3372 die
1537 3317 1842 3386 Handlung
1870 3315 1966 3370 des
1985 3314 2375 3384 Hauptsatzes‚
2401 3316 2545 3369 auch

143 3463 148 3468 p
205 3384 369 3457 dung)
404 3404 565 3457 saepe
599 3388 738 3444 dixi.
1424 3405 1589 3443 wenn
1626 3387 1717 3442 die
1754 3388 1961 3441 erstere
1998 3387 2145 3441 noch
2179 3384 2339 3441 nicht
2376 3387 2544 3456 abge-

273 3463 353 3512 18.
388 3464 711 3528 yeometrae,
756 3458 1013 3516 dasselbe
1058 3459 1166 3515 wie
1202 3479 1316 3516 ma·
1426 3458 1712 3514 sehlossen
1753 3474 1897 3526 war,
1946 3457 2031 3510 als
2078 3455 2170 3511 die
2217 3458 2411 3512 zweite
2447 3474 2544 3527 ge·

204 3527 495 3596 themcztici,
543 3529 617 3585 da
660 3530 751 3585 die
798 3531 1171 3586 Mathematik
1217 3532 1317 3587 der
1423 3529 1615 3585 schah.
1691 3529 1758 3583 de
1787 3527 1878 3583 off.
1906 3530 1933 3582 I
1961 3532 2048 3595 32,
2081 3534 2183 3583 116
2328 3529 2545 3589 dtidem

203 3597 367 3653 Alten
403 3601 731 3656 wesentlieh
766 3600 826 3656 in
861 3601 1181 3658 Geometrie
1217 3604 1314 3658 be·
1421 3602 1553 3667 fecit
1594 3601 1901 3654 Timotheus
1939 3599 2178 3655 Cononis
2266 3601 2402 3668 lius,
2447 3602 2546 3670 qui

203 3668 376 3726 stand.
1422 3687 1546 3727 cum
1581 3672 1706 3727 belli
1742 3671 1906 3726 laude
1941 3688 2056 3726 non
2091 3673 2324 3741 inferior
2349 3672 2546 3739 fuisset

272 3746 320 3794 et
361 3758 468 3811 quo
511 3743 669 3798 modo
711 3743 811 3798 hoc
858 3744 945 3799 sit.
1022 3743 1133 3798 Das
1183 3744 1316 3797 Pra·
1421 3759 1588 3812 quam
1615 3747 1798 3811 pater,
1836 3744 1911 3798 ad
1946 3760 2064 3798 eam
2101 3744 2319 3798 laudem
2343 3742 2541 3798 doctri-

207 3824 327 3865 sens
368 3813 445 3867 ist.
490 3815 729 3882 gesetzt,
777 3815 861 3869 als
911 3815 982 3871 ob
1019 3815 1177 3870 nicht
1214 3813 1314 3869 das
1421 3830 1528 3868 nae
1564 3820 1614 3868 et
1647 3814 1860 3883 inqu-nii
1894 3815 2128 3884 yloriam
2168 3814 2385 3868 adiecit.
2458 3813 2539 3868 Ib.

206 3877 592 3965 Imperfectum
627 3886 852 3952 diceret,
904 3886 1141 3941 sondern
1177 3886 1316 3941 dicit
1423 3888 1510 3951 24,
1527 3893 1530 3897 ’
1547 3889 1618 3938 84
1657 3884 2076 3968 qulicratidas,
2127 3884 2226 3967 qu}
2268 3899 2392 3939 cwm
2427 3883 2542 3939 La·

206 3955 1314 4097 {gffffiggfflffiggffiffimffi
1412 3957 1929 4096 Zffiah'ssfflrssffno
1948 3957 2071 4094 ‘²3⁴3
2119 3955 2543 4084 ζωᾜπαῖἰξῑ

207 4094 449 4163 perfecti,
486 4098 590 4161 wie
626 4103 658 4164 ἓ
689 4104 755 4152 19
783 4099 1075 4168 profitetwr
1112 4129 1180 4139 --
1217 4100 1316 4169 qui
1420 4102 1650 4153 tremum
1684 4099 1886 4154 omnia.

205 4168 485 4230 paruisset.
561 4167 614 4224 S.
654 4188 700 4223 z.
736 4168 816 4223 III
854 4175 938 4239 16,
977 4174 1062 4226 32.
1110 4168 1188 4224 IV
1228 4176 1312 4238 19,
1494 4174 1579 4224 20.
1617 4170 1819 4234 videro,
1856 4186 1898 4222 ε.
1936 4167 1990 4222 11
2029 4174 2116 4234 11,
2151 4174 2237 4226 26.
2530 4227 2545 4235 ,

207 4237 273 4288 43
308 4239 620 4307 coqitarent.
915 4246 918 4251 ⁴
1492 4240 1561 4295 N
1555 4257 1660 4295 am.
1733 4237 1838 4294 Die
1884 4238 2544 4311 Gedankenverbindung

279 4311 358 4363 19.
395 4309 458 4363 in
487 4311 865 4381 philosophia,
912 4312 1012 4367 auf
1043 4311 1171 4368 dem
1210 4310 1313 4368 Ge'-
1419 4311 1524 4368 ist:
1576 4311 1724 4367 denn
1758 4327 1921 4366 wenn
1956 4313 2128 4368 sehon
2163 4311 2374 4368 Xerxes
2413 4312 2541 4369 dem
