2902 4649
301 153 385 218 88
1084 154 1159 208 M.
1200 152 1444 208 TULLII
1483 152 1871 208 CICERONIS

303 320 628 383 Corinthiis
682 322 803 381 tuis
857 320 1126 381 amiseris
1135 366 1154 402 ,
1217 338 1396 399 posse
1457 318 1678 381 habere
1734 329 1792 381 te
1851 320 2141 400 reliquam
2188 321 2671 402 suppellectilem

307 410 551 472 salvam:
604 412 887 472 virtutem
944 416 1141 470 autem
1200 411 1251 469 si
1305 425 1486 469 unam
1545 411 1815 470 amiseris
1825 457 1841 490 ,
1897 411 2012 470 etsi
2059 412 2250 471 amitti
2295 429 2413 471 non
2458 419 2674 491 potest

304 502 521 581 virtuS,
570 499 675 560 sed
723 501 775 559 si
820 517 998 559 unam
1046 498 1359 559 confessus
1408 500 1529 558 eris
1574 507 1635 558 te
1682 516 1802 558 non
1847 497 2096 580 habere,
2151 498 2370 559 nullam
2418 518 2552 561 esse
2594 509 2661 561 te

217 600 288 649 33
310 581 696 650 habiturum?
785 586 943 648 Num
998 589 1181 666 igitur
1237 588 1454 648 fortem
1510 589 1733 669 virum,
1796 605 1940 648 num
1994 606 2208 668 magno
2264 590 2458 649 animo
2515 607 2667 650 num

309 679 631 757 patientem
688 695 833 737 num
890 693 1156 757 gravem,
1213 695 1357 737 num
1412 675 1679 737 humana·
1715 685 2195 737 contemnentem
2242 685 2413 757 potes
2460 677 2675 739 dicere

309 776 411 828 aut
455 765 845 827 Philoctetam
891 765 1055 826 illum
1097 761 1228 826 -P
1273 785 1304 826 a
1353 774 1412 826 te
1453 767 1611 826 enim
1652 764 1803 825 malo
1843 764 2170 847 discedere,
2218 765 2321 826 sed
2360 766 2459 827 ille
2498 774 2675 828 certe

307 873 427 916 non
474 855 663 937 fortis,
710 856 815 935 qui
859 856 1014 915 iacet

1602 946 1664 1005 in
1711 950 1874 1005 tectu
1922 942 2146 1018 umida,

740 1036 904 1109 quod
946 1031 1196 1106 e'iulatu,
1244 1031 1475 1108 questu,
1517 1035 1764 1108 yemitu,
1805 1032 2171 1115 fremitibus,

737 1119 1086 1184 resonando
1131 1127 1360 1182 mutum
1398 1121 1622 1197 fle'bilis
1666 1119 1844 1184 voce's
1889 1120 2102 1197 refert.

310 1246 445 1309 Non
492 1266 601 1327 ego
649 1245 914 1306 dolorem
963 1245 1231 1306 dolorem
1277 1265 1409 1307 esse
1458 1265 1638 1326 nego,
1690 1280 1765 1289 —
1820 1265 1929 1307 cur
1975 1250 2135 1307 enim
2180 1247 2467 1309 fortitudo
2515 1250 2685 1310 desi-

314 1331 674 1397 deraretur?
720 1360 804 1378 -μ
853 1335 959 1395 sed
1007 1353 1146 1396 eum
1193 1337 1450 1415 opprimi
1496 1337 1629 1396 dico
1675 1338 1977 1418 patientia,
2024 1338 2075 1396 si
2121 1336 2298 1397 modo
2347 1345 2439 1397 est
2476 1337 2679 1417 aliqua

317 1426 628 1506 patientia:
676 1426 728 1484 si
774 1422 934 1483 nulla
983 1434 1093 1505 est,
1138 1423 1280 1503 quid
1329 1441 1686 1484 exornamus
1732 1424 2164 1504 philosophiam
2212 1433 2315 1486 aut
2360 1425 2503 1505 quid
2543 1429 2685 1488 eius

319 1515 557 1574 nomine
605 1512 849 1592 gloriosi
897 1509 1148 1573 sumus?
1193 1512 1413 1590 Pungit
1459 1511 1646 1592 dolor,
1692 1511 1784 1572 vel
1822 1513 2008 1574 fodiat
2045 1532 2214 1575 sane:
2262 1516 2313 1574 si
2350 1515 2550 1576 nudus
2591 1533 2679 1596 eS,

316 1603 389 1663 da
434 1601 733 1683 iugulum;
790 1603 884 1664 sin
931 1609 1126 1663 tectus
1172 1600 1468 1662 Volcaniis
1515 1603 1723 1681 armiS,
1769 1601 1829 1661 id
1878 1610 1971 1663 est
2017 1603 2384 1684 fortitudine,
2430 1606 2688 1685 resiste3.

316 1690 463 1751 haec
511 1693 667 1751 enim
716 1698 794 1770 te,
843 1693 958 1751 nisi
1005 1694 1088 1752 ita
1133 1691 1334 1771 facies,
1380 1697 1585 1750 custos
1631 1688 1936 1769 dignitatis
1982 1690 2281 1771 relinquet
2321 1701 2383 1752 et
2419 1692 2683 1753 deseret.

229 1792 302 1841 34
324 1778 568 1841 Cretum
624 1777 866 1857 quidem
920 1779 1110 1861 legeS,
1174 1798 1322 1859 quas
1377 1782 1505 1840 sive
1560 1780 1839 1855 Iuppiter
1894 1781 2017 1840 siv'e
2073 1779 2265 1840 Minos
2324 1783 2545 1861 sanxit,
2600 1781 2677 1841 de

318 1867 474 1928 Iovis
512 1866 753 1946 quidem
792 1870 1103 1950 sententia,
1148 1876 1217 1929 ut
1255 1873 1465 1947 poetae
1504 1867 1723 1947 ferunt,
1767 1868 2031 1946 itemque
2069 1867 2325 1947 Lycurgi
2360 1868 2679 1931 laboribus

315 1955 600 2017 erudiunt
636 1957 1024 2039 iuventutem,
1074 1956 1341 2017 venando
1380 1955 1699 2036 currendo,
1748 1956 2067 2016 esuriendo
2107 1956 2382 2040 sitiend0,
2428 1957 2687 2037 algendo

318 2043 658 2106 aestuando.
752 2044 997 2124 Spartae
1047 2063 1186 2106 vero
1233 2046 1408 2125 pueri
1456 2044 1527 2106 ad
1569 2061 1730 2104 aram
1768 2046 1853 2104 sic
1892 2043 2244 2107 verberibus
2282 2048 2693 2129 accipiuntur,

320 2268 523 2358 &goma
567 2265 753 2332 πάσας
806 2267 972 2357 ἔχειν.
1050 2274 1150 2324 127
1191 2269 1289 2323 καὶ
1327 2264 1440 2355 μὴν
1547 2267 1734 2324 loktet
1777 2267 1876 2321 des
1921 2267 2126 2323 Accius
2173 2287 2216 2323 s.
2256 2273 2305 2338 7,
2348 2275 2430 2340 19,
2469 2270 2542 2326 de
2582 2270 2679 2327 fin.

317 2362 424 2410 την
453 2336 664 2410 αρετὴν
696 2371 761 2381 -·
793 2338 1094 2410 Κλεάνθης
1126 2372 1190 2382 --
1220 2336 1438 2396 avam}-
1549 2339 1604 2394 ΙΙ
1641 2346 1726 2408 29,
1767 2345 1852 2393 94.

355 2416 538 2482 λητον.

320 2415 354 2483 β
392 2484 671 2550 confessus
703 2484 826 2537 eris
892 2483 1076 2537 Wenn
1111 2481 1203 2536 ein
1230 2482 1440 2537 Kondi-

319 2554 621 2609 tionalsatz
657 2553 766 2607 mit
801 2553 928 2607 dem
966 2553 1238 2607 Futurum
1279 2570 1441 2607 exac-

319 2627 440 2680 tum
477 2625 537 2679 in
576 2624 667 2679 die
705 2623 886 2679 oratio
929 2624 1159 2693 obliqua
1194 2640 1442 2679 vei-wan·

322 2696 443 2751 delt
490 2697 607 2750 und
656 2711 769 2750 von
821 2695 1004 2749 einem
1057 2696 1295 2750 Prusens
1345 2696 1443 2751 ab·

319 2766 537 2836 hang-ig
582 2767 746 2835 wird,
793 2766 976 2821 bleibt.
1017 2766 1076 2820 in
1122 2765 1223 2821 der
1266 2765 1447 2835 Regel

323 2838 423 2892 das
479 2838 603 2893 Fut.
663 2839 838 2892 exact.
895 2837 1287 2893 unveriimdert.
1372 2837 1448 2892 ad

321 2908 456 2963 fam.
496 2907 574 2961 III
613 2913 674 2975 2,
712 2915 744 2963 2
796 2908 921 2962 Hoc
969 2909 1127 2963 velim
1176 2909 1282 2962 tibi
1321 2924 1447 2977 per-

322 2979 585 3045 suadeas,
637 2980 688 3033 si
730 2980 1045 3033 rationibus
1088 2980 1220 3033 meis
1259 2980 1447 3047 provi-

323 3066 446 3105 sum
493 3066 530 3104 a
564 3055 615 3104 te
651 3065 758 3103 esse
800 3050 1142 3115 intelleoeerm
1191 3066 1450 3120 mayuam

324 3126 375 3175 te
412 3150 478 3159 —-
518 3121 849 3189 voluptatem
884 3136 993 3175 esse
1028 3125 1335 3189 capturum.
1374 3121 1448 3175 ad

323 3192 457 3247 fam.
497 3191 549 3244 II
589 3197 638 3260 6,
678 3195 709 3244 5
773 3190 956 3246 Unum
990 3192 1089 3246 hoe
1123 3193 1205 3245 sic
1238 3192 1448 3258 habeto,

324 3264 375 3318 si
431 3280 469 3317 a
521 3268 572 3317 te
624 3263 769 3316 hanc
821 3279 934 3318 rem
986 3264 1313 3331 impetrare,
1365 3278 1449 3318 me

318 3349 500 3403 paene
532 3334 667 3403 plus
701 3334 806 3388 tibi
843 3365 910 3374 -
949 3334 1276 3388 debiturum.

397 3411 484 3459 33.
523 3423 560 3460 a
594 3409 676 3470 te;
712 3406 851 3460 statt
876 3405 1023 3459 nach
1051 3410 1153 3459 aut
1179 3404 1283 3458 Ph.
1313 3404 1449 3459 fort-

327 3476 593 3531 znfabren
638 3482 737 3530 aut
782 3481 860 3543 te,
914 3475 1286 3530 unterdriickt
1331 3474 1446 3531 Cic.

329 3546 431 3600 das
487 3545 682 3601 zweite
738 3545 904 3601 Glied
956 3547 1071 3600 und
1125 3546 1285 3616 giebt
1339 3546 1450 3601 den

329 3615 524 3670 Grund
575 3633 675 3685 an,
726 3617 978 3673 weshalb
1016 3634 1075 3672 er
1110 3618 1212 3672 das
1251 3617 1449 3672 zweite

329 3687 490 3742 nicht
526 3686 1179 3743 erwahne...01uent
1218 3693 1448 3756 45,127

331 3763 430 3818 aut
456 3759 601 3813 illud
626 3759 883 3825 afferant,
912 3759 1127 3828 aliquid
1152 3775 1278 3826 sese,
1306 3761 1454 3828 quod

331 3831 396 3884 de
431 3830 518 3884 his
544 3830 759 3884 duobus
789 3830 1083 3884 habuerint
1109 3835 1454 3899 compertum„

330 3901 397 3956 de
451 3901 637 3956 ceteris
692 3901 1019 3969 comperisse
1104 3901 1256 3955 Nam
1307 3901 1455 3962 illud

331 3972 546 4041 quidem
590 3972 813 4026 minime
846 3972 1201 4041 probandum
1247 3977 1349 4039 est,

333 4043 634 4112 exemplum
669 4043 796 4097 illos
830 4058 858 4095 e
893 4044 1282 4097 cousuetudine
1310 4044 1459 4097 mili-

331 4114 448 4167 tari
483 4115 852 4180 transtulisse,
903 4129 991 4167 wo
1030 4112 1142 4168 Cic.
1182 4113 1457 4168 ebenfalls

334 4183 647 4239 fortfahren
708 4184 899 4239 wollte
975 4190 1076 4239 aut
1149 4185 1342 4239 dicant
1402 4201 1460 4239 se

329 4256 636 4324 exemplum
671 4286 742 4296 —
777 4253 1141 4311 transtulisse.

404 4327 470 4387 in
523 4331 657 4382 tecto
710 4328 926 4394 umida,
981 4343 1083 4382 aus
1141 4325 1270 4382 dem
1325 4326 1459 4381 Phi-

1620 2416 1834 2467 mutum
1859 2409 1937 2465 ist.
1964 2410 2064 2466 des
2084 2411 2162 2467 Ge
2166 2415 2461 2481 geneatzes

1550 2482 1938 2553 hinzugeffigt.
1998 2430 2213 2539 ‘Selbsgt
2241 2484 2450 2538 stumm
2481 2514 2542 2524 --
2578 2484 2681 2539 wi·

1553 2554 1845 2608 derhallen
1882 2552 2061 2608 lafst’.

1627 2623 1740 2679 Gwr
1757 2625 1904 2679 enim
1924 2626 2032 2679 cet.
2063 2623 2166 2678 Die
2189 2624 2691 2695 Standhaftigkei‘c

1554 2694 1634 2749 im
1689 2695 1967 2765 Ertragen
2020 2700 2170 2750 ware
2225 2695 2412 2750 nichts
2466 2696 2680 2750 Rnhm-

1555 2766 1759 2834 liches,
1820 2783 1981 2821 wenn
2036 2767 2136 2821 der
2192 2767 2452 2822 Schmerz
2509 2769 2693 2823 etwas

1555 2854 1700 2907 ganz
1736 2836 2169 2907 gleichgiiltiges
2206 2842 2372 2892 ware.

1628 2924 1970 2963 exornamus.
2048 2908 2101 2962 S.
2140 2927 2208 2963 zu
2245 2908 2273 2962 I
2306 2914 2557 2977 47,112.

1629 2980 1747 3033 eius
1781 2980 1999 3035 nomine
2032 2980 2168 3049 αῖον.
2221 2979 2274 3036 d.
2302 2980 2340 3034 i.
2377 2996 2441 3034 ea
2476 2981 2690 3049 aleria

1559 3066 1700 3104 mur.

1627 3121 1709 3175 vel
1736 3121 1936 3187 fodiat,
1957 3121 2092 3176 oder
2110 3121 2519 3193 meinetwegen
2539 3123 2691 3177 auch

1555 3191 1795 3247 wiihlen.
1859 3193 1944 3246 vel
1971 3192 2126 3247 steht
2151 3193 2296 3246 auch
2323 3192 2469 3248 ohne
2492 3193 2697 3262 potius

1557 3262 1721 3316 eiuen
1744 3262 2040 3317 Ausdruck
2077 3279 2144 3316 zu
2181 3263 2514 3318 verbessern
2552 3263 2697 3319 oder

1556 3351 1624 3387 ιιι
1678 3333 2022 3389 νθιείιῆιΙιθιι.
2099 3334 2170 3388 de
2223 3333 2315 3387 fin.
2370 3333 2449 3388 IV
2495 3340 2555 3402 5,
2618 3341 2693 3389 13

1560 3405 1758 3458 Pauca
1811 3408 2017 3471 mutat,
2070 3405 2155 3459 vel
2200 3405 2375 3474 plura
2423 3421 2572 3460 sane.
2610 3436 2684 3445 —

1556 3475 1685 3545 Vgl.
1706 3475 1996 3529 momordit
2027 3505 2087 3515 -—
2115 3477 2364 3545 pupuyit
2387 3475 2573 3543 11134‚
2594 3481 2685 3531 82.

1630 3548 1707 3601 da
1760 3547 2040 3616 iuyulum,
2091 3545 2199 3600 wie
2256 3546 2346 3601 ein
2399 3546 2555 3602 besie

1560 3615 1879 3684 Gladiator,
1944 3617 2044 3671 der
2107 3617 2262 3672 seine
2317 3617 2496 3672 Kehle
2592 3633 2688 3671 em

1559 3686 1919 3742 Todesstol'se
1961 3687 2254 3742 darbietet.

1632 3763 1718 3814 34.
1757 3761 1869 3813 sive
1897 3760 2172 3828 Iuppiter.
2223 3759 2406 3814 Minos
2436 3758 2547 3814 soll
2572 3775 2691 3813 von

1563 3830 1702 3884 Zeus
1740 3829 1918 3884 selbst
1953 3830 2046 3884 die
2075 3829 2309 3884 Gesetze
2346 3846 2475 3899 emp

1561 3901 1678 3955 und
1725 3900 1846 3956 sich
1893 3900 2004 3955 alle
2049 3917 2196 3955 neun
2235 3899 2408 3955 Jahre
2457 3916 2524 3955 zu
2569 3899 2583 3912 ‘

1563 3971 1625 4025 in
1662 3971 1786 4026 eine
1824 3969 2022 4026 Grotte
2059 3971 2312 4041 begeben
2349 3971 2536 4027 haben
2571 3971 2691 4026 und

1565 4043 1695 4096 dort
1740 4042 1799 4095 in
1845 4043 1944 4096 der
1987 4042 2271 4097 Weisheit
2312 4042 2697 4097 nnterriohtet

1566 4112 1702 4169 sein.
1776 4111 1852 4166 Er
1885 4112 2059 4168 heifst
2084 4112 2321 4168 deshalb
2350 4111 2451 4167 od.
2476 4118 2695 4182 19,179

1565 4182 1707 4246 Διὸς
1743 4180 1990 4254 μεγάλου
2029 4178 2310 4268 ὀαριστής.

1672 4260 1873 4324 partae
2176 4253 2281 4309 Die
2326 4270 2428 4325 sog
2427 4271 2515 4309 en.
2566 4255 2694 4308 δια·

1564 4255 1979 4395 ,auctoratus-ia.
1979 4326 2054 4380 nd
2074 4272 2428 4395 alljiibflichg
2418 4341 2512 4380 am
2524 4323 2701 4381 Altar
