2902 4649
334 150 424 214 44
1118 149 1193 205 M.
1232 149 1479 205 TULLII
1518 149 1905 206 CICERONIS

338 326 475 379 ante
521 318 761 400 diebuS,
816 337 952 380 cum
1008 317 1179 380 facile
1234 326 1438 398 posset
1494 318 1666 379 educi
1723 336 1756 378 e
1813 317 2108 398 custodia,
2165 317 2382 400 noluit,
2440 326 2500 379 et
2545 327 2697 396 tum,

336 425 523 486 paene
581 409 644 467 in
690 426 869 468 manu
915 409 1031 469 iam
1085 407 1464 468 mortiferum
1519 405 1663 468 illud
1712 415 1923 467 tenens
1968 406 2278 487 poculum,
2332 406 2566 468 locutus
2611 408 2697 465 ita

230 541 319 604 30
337 504 447 575 est,
493 506 562 557 ut
606 514 726 557 non
765 497 837 557 ad
877 507 1131 558 mortem
1169 497 1348 576 trudi,
1394 514 1602 556 verum
1641 498 1703 556 in
1742 495 1971 556 caelum
2006 494 2312 557 videretur
2350 495 2695 557 escendere.

250 618 316 667 72
337 583 423 645 Ita
474 587 630 645 enim
678 585 961 646 censebat
1005 588 1206 665 itaque
1252 585 1556 666 disseruit,
1602 583 1748 646 duas
1796 603 1927 645 esse
1971 587 2094 644 vias
2131 584 2520 664 duplicesque
2558 601 2695 644 cur·

339 691 442 735 sus
488 676 821 736 animorum
879 694 911 735 e
959 692 1211 754 corpore
1267 673 1713 735 excedentium:
1766 691 1903 735 nam
1950 677 2055 752 qui
2100 692 2165 733 se
2214 674 2488 735 humanis
2534 674 2697 734 vitiis

338 764 901 824 contaminavissent
955 773 1016 824 et
1071 782 1136 824 se
1193 770 1352 824 totos
1407 761 1755 823 libidinibus
1810 762 2140 843 dedissent,
2195 761 2412 841 quibus
2468 762 2696 823 caecati

336 851 428 911 vel
475 851 818 913 domesticis
864 854 1024 913 vitiis
1070 860 1247 931 atque
1293 851 1535 930 flagitiis
1582 870 1646 912 se
1692 853 2166 931 inquinavissent
2213 851 2303 912 vel
2349 870 2415 912 re
2454 850 2695 931 publica

337 940 605 1001 violanda
652 942 892 1002 fraudes
938 940 1326 1021 inexpiabiles
1373 943 1809 1022 concepissent,
1855 943 1929 1002 iis
1968 941 2203 1001 devium
2244 939 2539 1020 quoddam
2576 941 2695 1001 iter

338 1047 489 1110 esse,
536 1030 836 1091 seclusum
885 1049 918 1091 a
955 1028 1206 1091 concilio
1246 1029 1522 1091 deorum:
1571 1031 1674 1108 qui
1720 1038 1916 1091 autem
1960 1048 2024 1090 se
2059 1031 2339 1108 integros
2377 1016 2697 1107 castosqde

338 1120 761 1201 servavissent,
832 1118 1170 1199 quibusque
1231 1120 1444 1179 fuisset
1511 1120 1749 1179 minima
1802 1137 1938 1179 cum
2000 1117 2355 1197 corporibus
2420 1119 2696 1196 contagio

269 1246 278 1253 -
339 1225 591 1287 seseque
651 1207 725 1268 ab
779 1210 854 1269 iis
911 1226 1147 1287 semper
1202 1209 1641 1269 sevocavissent
1685 1215 2004 1286 essentque
2061 1210 2121 1267 in
2177 1206 2532 1287 corporibus
2586 1206 2696 1267 hu·

339 1298 530 1357 manis
577 1298 753 1357 vitam
798 1299 1012 1358 imitati
1035 1296 1333 1377 deorum,
1378 1299 1454 1357 iis
1501 1297 1575 1359 ad
1620 1296 1772 1377 illos,
1828 1315 1860 1356 a
1908 1295 2126 1375 quibus
2174 1305 2376 1358 essent
2419 1296 2697 1377 profecti,

251 1396 317 1445 '73
339 1384 596 1446 reditum
635 1386 867 1446 facilem
905 1395 1126 1466 patere.
1209 1385 1414 1464 Itaque
1455 1393 1896 1467 commemorat,
1933 1393 2001 1446 ut
2037 1388 2228 1466 cygni,
2266 1387 2369 1464 qui
2406 1404 2526 1446 non
2564 1387 2696 1446 sine

341 1491 516 1534 causa
577 1474 833 1553 Apollini
893 1475 1072 1536 dicati
1132 1477 1280 1555 sint,
1344 1474 1446 1535 sed
1511 1473 1670 1553 quod
1730 1473 1803 1534 ab
1864 1492 1936 1534 eo
1998 1474 2416 1535 divinationem
2472 1473 2699 1535 habere

339 1561 677 1644 videantur,
739 1582 857 1643 qua
909 1563 1291 1643 providentes
1347 1563 1491 1643 quid
1545 1565 1608 1623 in
1666 1571 1856 1624 morte
1913 1561 2054 1623 boni
2100 1565 2178 1624 sit
2224 1581 2362 1625 cum
2408 1574 2586 1624 cantu
2632 1570 2702 1622 et

339 1650 639 1731 voluptate
696 1654 1059 1734 moriantur,
1116 1654 1201 1713 sic
1256 1651 1534 1713 omnibus
1589 1651 1763 1712 bonis
1817 1660 1877 1713 et
1922 1651 2112 1712 doctis
2158 1669 2291 1712 esse
2339 1651 2698 1713 faciendum.

339 1738 462 1801 Nec
509 1759 650 1801 vero
697 1740 771 1801 de
817 1741 930 1802 hoc
980 1743 1293 1821 quisquam
1338 1740 1611 1802 dubitare
1658 1749 1885 1821 posset,
1946 1743 2062 1800 nisi
2118 1741 2277 1801 idem
2322 1740 2495 1802 nobis
2541 1742 2698 1802 acci-

340 1828 511 1889 deret
547 1829 863 1909 diligenter
901 1830 974 1890 de
1013 1832 1208 1890 animo
1247 1829 1663 1911 cogitantibuS,
1700 1829 1860 1909 quod
1897 1831 1972 1890 iis
2011 1848 2188 1909 saepe
2227 1848 2339 1891 usu
2379 1833 2558 1911 venit,
2591 1831 2697 1909 qui

341 1915 535 1995 [cum]
597 1921 817 1979 acriter
876 1919 1066 1980 oculis
1123 1918 1498 1980 deficientem
1554 1919 1738 1979 solem
1794 1921 2202 1999 intuerentur,
2263 1928 2332 1980 ut
2388 1928 2697 1998 aspectum

338 2008 580 2066 omnino
629 2010 999 2089 amitterent3
1056 2010 1141 2067 sic
1196 2010 1414 2069 mentis
1470 2011 1630 2069 acies
1677 2026 1740 2069 se
1786 2009 1914 2087 ipsa
1960 2011 2201 2069 intuens
2247 2026 2698 2088 nonnumquam

337 2094 633 2176 hebescit,
693 2096 769 2157 ob
826 2115 1075 2175 eamque
1135 2115 1373 2158 causam
1430 2096 1870 2177 contemplandi
1925 2097 2287 2176 diligentiam
2348 2098 2693 2158 amittimus.

337 2183 544 2263 Itaque
592 2185 899 2267 dubitans,
945 2188 1481 2267 circumspectans,
1526 2186 1853 2268 haesitanS,
1901 2187 2084 2248 multa
2130 2186 2373 2248 adversa
2410 2203 2698 2247 reverens

252 2286 320 2337 74
342 2282 643 2354 tamquam
690 2277 751 2337 in
798 2283 925 2337 rate
971 2276 1034 2336 in
1081 2277 1231 2336 mari
1275 2278 1546 2337 inmenso
1594 2284 1798 2337 nostra
1843 2275 2077 2338 vehitur
2124 2277 2291 2337 ratio.
2378 2273 2498 2336 Sed
2541 2275 2694 2336 haec

343 2371 403 2424 et
457 2372 656 2425 vetera
713 2373 773 2425 et
828 2382 861 2424 a
908 2363 1177 2447 Graecis3
1243 2363 1385 2426 Cato
1442 2375 1641 2427 autem
1698 2367 1784 2427 sic
1839 2364 1980 2426 abiit
2035 2384 2067 2426 e
2123 2367 2269 2446 vita,
2333 2373 2402 2426 ut
2456 2382 2699 2454 causam

341 2551 537 2635 Rlatos
552 2553 772 2624 Kriton,
789 2553 964 2610 worin
978 2553 1179 2637 Kriton
1195 2553 1464 2611 Sokrates
1568 2554 1752 2610 benen
1786 2554 1952 2610 Sntze
1986 2554 2176 2608 haben
2210 2554 2534 2635 versulal'st,
2571 2553 2699 2636 dass

342 2640 549 2751 ἰῗέἔι
567 2625 1321 2753 ἷέεὲωέἕὲαἱῗῗιῗὲὴῖοᾱθ
1368 2645 1466 2681 ‘¹¹¹³
1572 2627 2034 2752 33252320332²
2059 2624 2701 2766 agsshgfflssscffifflffffi

413 2766 556 2837 Kap.
595 2767 692 2824 30.
734 2774 818 2822 72.
857 2770 957 2823 Ita
993 2771 1139 2825 enim
1175 2785 1335 2837 cens„
1373 2769 1464 2823 die
1537 2819 1543 2824 .
1576 2768 1706 2823 Satz
1754 2765 2191 2837 angeschlossen
2240 2767 2318 2823 ist
2366 2767 2481 2822 und
2532 2768 2701 2840 cyym‘

340 2835 649 2893 Gedanken
694 2839 820 2893 sind
865 2857 989 2894 sum
1034 2838 1161 2895 Teii
1207 2840 1467 2895 wortlich
1574 2838 1745 2893 somit
1778 2838 1879 2893 des
1915 2837 2215 2893 Prndikats
2263 2837 2550 2906 entbehrt3
2604 2837 2701 2893 ein

344 2907 601 2963 entlehnt
638 2926 739 2963 aus
775 2910 968 2967 Platos
1004 2910 1199 2966 Phado
1235 2929 1289 2981 p.
1313 2916 1383 2965 80
1407 2910 1464 2965 ff.
1574 2909 1903 2965 Anakoluth
1939 2909 2045 2964 wie
2083 2914 2114 2975 ξ
2153 2914 2238 2965 58.

410 2978 669 3034 humanis
702 2982 872 3047 vitiis,
911 2982 964 3035 d.
982 2980 1019 3035 i.
1058 2982 1231 3047 vitiis,
1264 2982 1465 3049 quibus
1640 2983 1755 3036 nisi
1807 2982 1978 3036 idem.-
2035 2980 2202 3036 Plato
2254 2985 2321 3036 99
2356 2980 2394 3035 d
2438 2983 2564 3037 δεῖν
2602 2975 2697 3035 εὖ·

340 3049 580 3105 Ῑιοηιίηεε
605 3066 661 3105 se
687 3053 1062 3106 contaminare
1090 3052 1276 3109 solent.
1315 3050 1461 3105 Plat.
1569 3052 1921 3126 λαβηθῆναι,
1988 3048 2063 3121 μὴ
2128 3048 2379 3122 πάθοιμι
2441 3046 2582 3121 ὅπερ
2638 3048 2705 3106 οἱ

338 3117 513 3176 Phad.
559 3140 615 3191 p.
655 3127 722 3176 81
770 3137 807 3175 a.
850 3116 1066 3190 πλάνης
1111 3122 1210 3176 καὶ
1260 3116 1465 3184 ἀνοίας
1569 3119 1669 3178 τὸν
1733 3117 1893 3192 ἥλιον
1951 3118 2284 3178 ἐκλείποντα
2336 3123 2701 3192 θεωροῦντες

339 3191 438 3244 καὶ
476 3189 674 3264 φόβων
711 3192 809 3246 καὶ
854 3188 1066 3261 ἀγρίων
1104 3187 1327 3262 ἐρώτων
1363 3193 1463 3248 καὶ
1571 3194 1667 3249 καὶ
1697 3190 2099 3265 σκοπούμενοι·
2139 3196 2558 3264 δαφθείρονται
2585 3192 2700 3263 γάρ

340 3261 452 3317 τῶν
489 3259 674 3318 ἄλλων
710 3263 904 3318 κακῶν
941 3262 1056 3318 τῶν
1081 3259 1462 3332 ἀνθρωπείων
1568 3284 1680 3320 που
1722 3263 1864 3320 ἔνιοι
1899 3262 1971 3320 τὰ
2008 3261 2250 3336 ὄμματα.
2291 3296 2358 3306 --
2397 3282 2545 3333 cum,
2587 3266 2696 3321 das

338 3327 755 3405 ἆπηλλαγμένη.
1571 3336 1663 3392 die
1726 3337 1893 3391 Hdss.
1957 3336 2104 3391 nach
2167 3338 2265 3406 qui
2317 3336 2698 3404 einschieben‚

409 3406 655 3473 fraudes,
663 3407 789 3462 hier
799 3405 1459 3474 Schuld,‘Verbrechen'.
1568 3410 1803 3463 zei-storia
1838 3408 1928 3463 die
1966 3407 2373 3464 Konstruktion
2421 3409 2536 3462 und
2584 3407 2696 3461 den

410 3478 640 3532 minima
678 3508 745 3518 -
785 3480 1065 3547 contayio:
1099 3495 1154 3547 p.
1186 3483 1254 3533 80
1285 3494 1316 3531 e
1354 3474 1461 3532 ἐὰν
1570 3478 1892 3533 Gedanken.
1938 3496 2047 3534 usu
2080 3481 2228 3533 venit
2273 3479 2347 3534 ist
2372 3477 2520 3534 Pers.
2560 3480 2694 3533 hist.

340 3543 446 3631 μὲν
509 3546 742 3633 καθαρὰ
807 3544 1227 3639 ἀπαλλάττηται
1280 3546 1462 3636 {mg-{v
1568 3548 1821 3633 Deshalb
1856 3555 1921 3605 ut
1956 3580 2024 3590 -—
2063 3552 2371 3633 amitterent
2414 3550 2530 3604 und
2577 3549 2695 3631 die-

340 3625 1313 3776 Ξέἷέεἴῗζῗῗνῒξοῦἱῗὶἵςᾝοὲἷῖξε
1354 3640 1459 3763 ἕῖᾇ
1567 3619 2700 3762 {2⁶51ffssffssszsstdffiwfflffi’uffffivmgsssseffi

344 3755 555 3817 ἕκοῦσα
594 3759 759 3830 εἶναι,
796 3757 939 3816 ἄλλα
978 3760 1274 3831 φεύγουσα
1310 3757 1454 3816 αὐτὸ
1566 3762 1668 3828 ist,
1717 3781 1756 3818 s,
1796 3768 1826 3828 ἓ
1866 3769 1937 3817 44
1974 3765 2303 3819 aemulemur
2347 3763 2463 3818 und
2507 3782 2577 3818 zu
2613 3761 2704 3817 111*

339 3832 438 3888 καὶ
475 3830 930 3902 συνηθροισμένη
967 3827 1113 3902 αὐτὴ
1146 3832 1228 3896 εἰς
1254 3828 1455 3921 αὖτῄν.
1565 3838 1597 3899 5
1635 3839 1718 3890 71.

414 3910 497 3960 73.
561 3910 627 3958 ut
684 3905 874 3974 cyyni:
935 3903 1101 3959 Plato
1157 3911 1226 3960 85
1263 3904 1301 3958 b
1355 3924 1455 3959 ατε
1636 3911 1916 3975 tamquam
1960 3907 2025 3959 in
2067 3910 2213 3960 rate.-
2273 3904 2446 3962 Phad„
2477 3926 2531 3977 p.
2562 3906 2691 3961 ssd

340 3972 514 4045 οἶμαι,
550 3974 653 4028 τοῦ
686 3969 1021 4037 ’Λπόλλωνος
1066 3969 1229 4037 ὄντες
1264 3995 1458 4046 μαντι-
1568 3972 1664 4031 ἐπὶ
1718 3972 1923 4031 τούτου
1978 3971 2295 4061 ὀχούμενον
2351 3970 2539 4044 ὥσπερ
2596 3972 2693 4031 ἐπὶ

340 4049 437 4100 κοί
484 4044 546 4101 τέ
603 4042 712 4100 εἰσι
760 4044 858 4100 καὶ
903 4042 1233 4115 προειδότες
1279 4042 1348 4100 τὰ
1396 4042 1460 4101 ἐν
1569 4048 1793 4134 σχεδίας
1863 4048 2276 4102 κινδυνευοντα
2348 4048 2695 4103 διαπλεῦσαι

339 4110 486 4192 ᾅδου
544 4110 747 4185 ἀγαθὰ
803 4112 1015 4171 (ἔδουσί
1060 4134 1121 4171 τε
1187 4115 1286 4171 καὶ
1339 4114 1460 4188 τέρ-
1567 4137 1668 4172 τον
1709 4119 1850 4191 βίον.

340 4207 542 4243 πονται
590 4184 816 4257 ἐκείνην
862 4182 966 4257 τὴν
1004 4181 1222 4257 ἡμέραν
1259 4182 1459 4257 διαῷε-
1640 4196 1725 4244 74.
1765 4187 1873 4243 Sed
1906 4190 2039 4244 haec
2072 4194 2268 4245 vetera.
2319 4189 2426 4246 Dio
2452 4190 2690 4247 Verbin-

340 4255 551 4330 ρόντως
586 4251 622 4329 ἢ
662 4252 725 4313 ἐν
771 4259 846 4331 τῷ
887 4257 1212 4330 ἔμπροσθεν
1257 4255 1457 4333 χρόνῳ.
1567 4259 1723 4330 dung
1756 4259 1833 4315 ist
1865 4260 1989 4315 hier
2022 4260 2231 4316 wieder
2266 4261 2395 4317 sehr
2430 4262 2569 4317 lose.
2662 4284 2668 4289 ·

410 4348 522 4402 qua
558 4331 934 4401 providentes.-
989 4329 1083 4387 die
1130 4328 1457 4401 eingescho—
1643 4330 1805 4387 Cato.-
1845 4331 1932 4387 Μ.
1970 4331 2203 4388 Porcius
2241 4331 2394 4401 Cato,
2431 4333 2532 4389 der
2566 4333 2693 4388 sich
