2902 4649
478 138 1081 196 TUSCULANARUM
1118 136 1726 193 DISPUTATIONUM
1763 137 1831 196 V.
1871 144 2099 196 63-66,

2368 138 2495 205 129

87 313 91 338 ³
157 308 409 388 cusaniS,
456 324 593 368 cum
642 324 774 367 esse
820 306 1062 366 omnino
1109 313 1423 386 negarent,
1479 311 1749 385 saeptum
1775 304 2061 384 undique
2108 314 2168 367 et
2215 308 2498 367 vestitum

151 395 426 477 vepribus
484 403 544 456 et
598 395 857 456 dumetis
916 393 1187 473 indagavi
1251 393 1652 474 sepulchrum.
1743 393 2046 455 Teneham
2101 396 2261 456 enim
2317 414 2494 476 quos-

149 485 284 546 dam
320 484 662 565 senariolos,
708 500 860 562 quos
895 484 960 544 in
997 484 1127 544 eius
1163 490 1552 544 monumento
1601 501 1732 544 esse
1768 484 2095 563 inscriptos
2130 502 2495 568 acceperam,

147 577 260 654 ssqui
303 572 680 635 declarabant
731 575 794 633 in
852 590 1084 633 summo
1141 571 1460 652 sepulchro
1516 571 1827 652 sphaeram
1876 590 2006 633 esse
2052 575 2307 653 positam
2354 592 2492 635 cum

153 663 427 743 cylindro.
519 661 645 741 Ego
693 668 911 741 autem,
958 678 1097 722 cum
1143 663 1338 721 omnia
1375 660 1809 722 conlustrarem
1853 661 2042 723 oculis
2079 695 2169 705 —
2205 655 2297 723 es't
2334 665 2491 723 enim
2513 675 2582 725 65

139 751 224 813 ad
277 760 477 832 portas
532 750 959 830 Agragentinas
1014 764 1225 829 magna
1291 750 1628 829 frequentia
1682 749 2140 831 sepulchrorum
2192 784 2307 831 —,
2371 754 2492 813 ani·

146 857 310 902 mum
354 841 581 901 adverti
626 838 1000 901 columellam
1043 856 1166 899 non
1213 838 1468 906 multum
1513 858 1546 900 e
1592 839 1790 901 dumis
1838 842 2216 921 eminentem,
2266 842 2329 901 in
2376 859 2493 921 qua

141 932 338 991 inerat
390 928 674 1009 sphaerae
732 929 921 1007 figura
976 936 1038 988 et
1091 926 1360 1008 cylindri.

1451 927 1645 1008 Atque
1702 946 1811 1008 ego
1858 931 2059 989 statim
2105 928 2492 1008 Syracusanis

153 1051 229 1063 -
280 1026 447 1079 erant
502 1025 701 1078 autem
756 1018 1059 1097 principes
1115 1034 1353 1077 mecum
1410 1050 1496 1060 —
1532 1016 1675 1106 dixi
1732 1036 1828 1078 me
1883 1016 2029 1079 illud
2084 1020 2282 1098 ipsum
2337 1017 2491 1079 arhi-

141 1109 294 1169 trari
338 1125 469 1168 esse
517 1105 676 1185 quod
725 1122 1093 1185 quaererem.
1183 1103 1422 1166 Inmissi
1469 1123 1607 1166 cum
1652 1105 1904 1167 falcibus
1941 1106 2114 1167 multi
2158 1115 2493 1187 purgarunt

144 1203 211 1257 et
264 1202 628 1276 aperuerunt
681 1195 896 1256 locum.
991 1194 1122 1266 Quo
1178 1212 1317 1255 cum
1370 1195 1702 1275 patefactus
1761 1202 1923 1256 esset
1977 1195 2200 1277 adituS,
2263 1195 2334 1257 ad
2393 1196 2491 1258 ad·
2511 1210 2580 1259 66

148 1303 374 1346 versam
428 1283 615 1345 basim
672 1286 1050 1346 accessimus,
1142 1282 1480 1363 Adparebat
1533 1286 1894 1364 epigramma
1950 1287 2143 1345 exesis
2198 1286 2488 1364 postwio-

147 1373 311 1435 ribus
356 1372 627 1454 partibus
673 1372 1105 1435 versiculorum
1152 1373 1473 1435 dimidiatis
1520 1372 1662 1433 fere.
1753 1372 1841 1433 Ita
1898 1372 2263 1436 nobilissima
2309 1373 2488 1435 Grae-

125 1465 269 1526 ciae
318 1465 550 1543 civitas,
606 1462 903 1541 quondam
948 1479 1091 1522 vero
1138 1463 1316 1522 etiam
1373 1461 1739 1541 doctissima,
1796 1463 1891 1522 sui
1937 1463 2082 1523 civis
2127 1465 2305 1523 unius
2352 1480 2488 1524 acu·

147 1553 360 1612 tissimi
403 1558 856 1613 monumentum
900 1553 1252 1632 ignorasset,
1289 1553 1405 1611 nisi
1450 1550 1524 1611 ab
1569 1550 1808 1611 homine
1846 1550 2129 1631 Arpinate
2166 1550 2490 1613 didicisset.

140 1640 262 1702 Sed
320 1639 524 1701 redeat
578 1640 736 1701 unde
793 1640 1091 1701 aberravit
1144 1640 1352 1700 oratio.
1446 1639 1595 1710 Quis
1651 1648 1746 1701 est
1800 1642 2092 1720 omnium,
2154 1642 2258 1720 qui
2312 1640 2488 1702 modo

143 1747 279 1790 cum
323 1729 536 1810 MusiS,
584 1730 654 1789 id
702 1737 795 1790 est
850 1745 989 1790 cum
1033 1728 1399 1789 humanitate
1456 1738 1518 1789 et
1573 1746 1711 1789 cum
1767 1729 2064 1809 doctrina,
2119 1728 2335 1790 habeat
2388 1728 2489 1790 ali-

143 1816 299 1897 quod
354 1820 808 1901 commercium,
873 1820 976 1899 qui
1031 1835 1096 1878 se
1152 1836 1274 1878 non
1328 1816 1490 1878 hunc
1545 1816 2029 1879 mathematicum
2091 1817 2256 1879 malit
2312 1836 2490 1897 quam

130 1906 306 1967 -fflum
353 1902 715 1985 tyrannum?
775 1905 841 1968 Si
885 1908 1036 1967 vitae
1083 1906 1328 1968 modum
1359 1908 1789 1985 'actionemque
1837 1908 2196 1987 quaerimuS,
2242 1906 2490 1970 alterius

139 2013 311 2056 mens
357 1994 687 2056 rationibus
735 1994 1025 2074 agitandis
1064 1994 1570 2076 exquirendisque
1614 1994 1882 2055 alebatur
1920 2013 2056 2055 cum
2094 1994 2488 2060 oblectatione

132 2083 466 2166 sollertiae,
522 2086 628 2164 qui
682 2093 775 2145 est
819 2102 978 2145 unus
1024 2085 1412 2146 suavissimus
1457 2091 1665 2164 pastus
1712 2086 2074 2165 animorum,
2134 2084 2381 2147 alterius
2426 2087 2489 2146 in

132 2327 336 2382 dessen
392 2326 738 2398 Hauptstadt
783 2324 1082 2396 Lilybaum
1127 2342 1261 2381 war.

130 2398 300 2453 Nach
328 2396 592 2467 Syrakus,
630 2398 729 2453 das
766 2397 927 2451 nicht
961 2397 1019 2451 in
1049 2396 1264 2453 seinem

129 2469 759 2539 Verwaltungsbezirke
816 2468 937 2538 lag,
993 2469 1146 2524 kann
1202 2485 1263 2524 er

127 2558 240 2595 nur
277 2539 659 2610 gelegentlich
693 2539 1031 2610 gekommen
1069 2540 1205 2594 sein.

202 2629 495 2698 sphaeram
529 2660 600 2669 —
637 2646 761 2684 cum
810 2630 1079 2699 cylindro.
1152 2626 1259 2681 Ar-

127 2700 446 2767 chimedes,
499 2701 599 2755 der
635 2700 904 2755 wahrend
948 2700 1046 2753 des
1091 2700 1258 2754 zwei-

120 2770 233 2826 ten
268 2771 585 2841 punischen
621 2771 855 2842 Krieges
891 2769 1063 2841 lebte,
1100 2771 1261 2826 hatte

126 2843 242 2896 den
268 2789 414 2896 Satz
460 2843 767 2926 gefunden,
821 2842 942 2897 dass
990 2842 1111 2896 sich
1162 2841 1262 2897 der

123 2913 326 2967 Inhalt
361 2913 513 2968 eines
542 2913 586 2968 C
588 2913 866 2984 ylinders,
905 2913 1057 2968 einer
1084 2912 1261 2968 Halb-

129 2982 317 3055 kngel
359 2985 474 3039 und
522 2984 675 3040 eines
712 2985 919 3056 Kegels
965 3001 1077 3039 von
1122 2984 1262 3054 glei-

126 3055 272 3109 cher
326 3055 492 3111 Hohe
559 3057 677 3110 und.
740 3055 1016 3128 gleicher·
1044 3053 1261 3110 Grund-

115 3126 315 3181 flache
352 3127 460 3181 wie
499 3133 577 3182 3.
607 3133 683 3183 2.
716 3134 744 3182 1
783 3128 1051 3183 verhalte.

199 3221 292 3272 65.
325 3216 758 3300 Aqrayentinas,
785 3216 887 3272 das
912 3217 1057 3272 nach
1079 3211 1196 3285 Ἀκρ
1200 3212 1261 3270 ά-

118 3308 234 3358 γας
287 3288 426 3342 oder
462 3288 737 3359 Agrigent
780 3288 1051 3343 fiihrende
1091 3287 1263 3345 Thor.

123 3359 404 3414 Dieselbe
438 3359 609 3414 Form
651 3360 755 3414 hat
799 3361 943 3413 auch
988 3358 1133 3413 Plin.
1172 3364 1260 3428 35,

123 3436 178 3498 9,
213 3436 305 3485 64.
353 3429 430 3484 ib.
474 3435 556 3500 15,
588 3435 670 3485 51.
733 3431 839 3485 Die
876 3429 1039 3486 Hdss,
1076 3429 1265 3485 haben

115 3502 183 3556 A
221 3502 521 3570 ramanae,
549 3517 666 3556 was
695 3500 818 3556 eine
845 3501 1265 3556 nachweisbare

205 3590 271 3628 er
282 3571 511 3642 richtig
512 3572 798 3642 gebildete
809 3573 978 3628 Form
994 3571 1156 3628 nicht
1172 3572 1262 3628 ist.

197 3662 461 3717 animum
522 3662 650 3717 adv.
715 3661 1077 3717 columellam.-
1147 3679 1187 3715 v
1187 3661 1264 3731 31.

117 3731 208 3786 ΠΙ
229 3738 324 3800 20,
346 3737 417 3786 48
437 3731 705 3788 Animum
724 3732 960 3788 advertit
983 3679 1266 3787 Gracchus

115 3804 187 3858 in
246 3805 514 3859 concione
568 3803 835 3858 Pisonem.
928 3803 997 3858 de
1052 3803 1262 3859 invent.

115 3873 176 3927 II
216 3879 458 3944 51,153
502 3875 613 3930 duo
658 3876 886 3943 quidam
921 3903 991 3915 -
1027 3875 1263 3942 naufra-

109 3961 279 4073 m
298 3916 593 4072 {am
593 3975 677 4073 ῑ
715 3950 998 4002 mmm
1036 3976 1103 3985 ·-
1142 3947 1264 4007 Μ’·

192 4107 387 4162 multi.
431 4105 538 4161 Die
555 4105 935 4175 Erwahnung,
964 4104 1088 4159 dass
1115 4105 1261 4160 viele

116 4177 275 4234 dazu
314 4176 483 4249 notig
519 4193 723 4244 waren,
761 4178 871 4238 den
899 4175 1000 4231 ort
1033 4194 1103 4230 zu
1136 4179 1261 4230 sau·

112 4248 264 4305 bern
278 4291 294 4318 ,
348 4247 490 4304 latet
531 4248 631 4303 das
671 4247 931 4303 Gebfisch
976 4247 1059 4303 als
1107 4246 1264 4301 dicht

107 4321 239 4375 und
300 4319 460 4391 gross
514 4319 630 4374 und
684 4319 916 4375 deshalb
975 4318 1121 4373 auch
1170 4318 1261 4373 die

211 4420 411 4472 Ham,
445 4419 537 4462 Cic.
572 4420 759 4462 Tuscul.
808 4421 847 4461 2.
866 4417 992 4461 Hert.

1370 2324 1718 2395 Auffindung
1731 2326 1828 2381 des
1839 2323 2137 2381 Grabmais
2157 2328 2240 2381 als
2256 2326 2491 2383 schwie—

1368 2397 1486 2467 rig
1495 2397 1835 2453 erscheinen.

1442 2474 1532 2524 66
1567 2470 1849 2524 adversam
1886 2469 2078 2536 basim,
2116 2469 2206 2524 die
2243 2468 2489 2524 Vorder-

1370 2538 1512 2594 seite
1550 2540 1647 2595 des
1683 2538 1815 2594 Fure
1817 2540 2064 2610 gestella.

1440 2609 1733 2679 Graeciae,
1772 2558 1855 2665 dg
1864 2611 1901 2665 i.
1938 2628 2170 2682 maqnae
2206 2596 2489 2667 Graeciae.

1436 2683 1715 2750 quondam
1753 2712 1818 2722 —
1856 2682 2190 2749 dochiacima,
2237 2682 2489 2737 namlich

1368 2754 1537 2807 unter
1588 2752 1688 2808 der
1740 2752 2064 2823 Regierung
2118 2752 2215 2808 des
2257 2754 2490 2823 Dionys,

1370 2822 1457 2878 als
1508 2824 1637 2879 ἀοι-ι’,
1686 2823 1852 2906 eifrig
1894 2823 2250 2880 Platonische
2297 2824 2489 2880 Philo·

1370 2894 1568 2964 sophie
1604 2894 1896 2964 getrieben
1930 2895 2136 2950 wurde.

1439 2967 1656 3021 homine
1683 2967 1985 3049 Arpinate.-
2021 2983 2081 3022 so
2108 2970 2358 3022 nannten
2374 2965 2490 3023 Cic.

1370 3037 1696 3109 spottweise
1751 3037 1901 3092 scine
1949 3036 2196 3120 Gegner,
2251 3039 2382 3093 weil
2431 3054 2492 3092 er

1367 3108 1530 3162 nicht
1567 3126 1634 3163 zu
1671 3108 1780 3163 den
1814 3109 1876 3163 in
1898 3107 2040 3164 Rom
2079 3108 2492 3179 eingeborenen

1367 3179 1650 3235 Familien
1684 3181 1933 3249 gehorte.
2003 3178 2076 3233 ad
2103 3181 2220 3234 Att.
2250 3180 2276 3233 I
2307 3184 2490 3248 16,10

1373 3250 1543 3322 Qwid,
1579 3252 1778 3320 inquit,
1814 3251 2022 3305 homini
2057 3250 2331 3319 Arpinati
2366 3267 2490 3306 cum

1370 3324 1534 3392 aquis
1569 3322 1782 3377 calidis.

1440 3409 1498 3448 se
1539 3394 1686 3448 hunc
1728 3393 2164 3448 mathematicum
2207 3392 2393 3459 malit,
2445 3409 2487 3449 s.

1371 3484 1416 3519 z.
1458 3470 1544 3533 19,
1583 3469 1652 3518 54
1687 3464 1873 3519 malles
1907 3468 1959 3518 te
1995 3465 2277 3519 consulem.

1441 3507 1756 3619 rat’ionibws
1792 3536 2076 3605 ayitandis
2119 3551 2187 3590 ex
2186 3534 2492 3605 qnia-endis-

1370 3624 1500 3677 que,
1562 3606 1623 3661 in
1687 3552 2264 3663 wissenschaftlichen
2316 3595 2492 3661 Uber-

1371 3679 1425 3733 le
1503 3693 1653 3748 ngen
1687 3678 1804 3732 und
1833 3678 2246 3762 Forschungem
2292 3676 2361 3732 de
2398 3678 2489 3733 fin.

1371 3750 1399 3803 1
1489 3755 1538 3817 7,
1579 3755 1645 3804 18
1683 3765 1750 3804 ex
1785 3765 1892 3821 quo
1927 3750 2092 3804 etiam
2125 3749 2363 3803 rationis
2398 3764 2490 3803 ex·

1369 3791 1666 3889 plicandae
1735 3822 1909 3876 dieser
2213 3818 2492 3888 cupiditas

1370 3892 1808 3961 cmwequebatwr.
1847 3891 1917 3946 de
1936 3908 2013 3946 or.
2032 3890 2060 3943 I
2083 3895 2166 3958 14,
2188 3895 2257 3944 60
2284 3905 2488 3959 quaero

1368 3979 1505 4016 num
1569 3963 1845 4018 admoveri
1918 3963 2094 4031 poscit
2161 3962 2340 4016 oratio
2414 3961 2491 4017 ad

1367 4049 1555 4088 senatos
1609 4035 1916 4088 animorum
1967 4063 2035 4072 —-
2084 4033 2204 4087 sine
2257 4032 2489 4102 diligen-

1367 4105 1583 4159 tissima
1623 4104 2081 4188 pervestiqatione
2133 4120 2322 4159 earwm
2376 4118 2489 4159 om-

1367 4175 1526 4229 nium
1586 4176 1886 4241 rationum,
1938 4191 2077 4244 quae
2140 4175 2206 4230 de
2266 4175 2491 4231 naturis

1367 4246 1601 4301 hmani
1642 4246 1854 4316 qeneris
1898 4262 1965 4301 ac
2007 4247 2250 4303 mribus
2294 4263 2332 4301 a
2364 4246 2489 4319 phi-

1369 4318 1606 4388 losophis
1642 4318 2006 4388 caplicantwr.

2025 4412 2057 4462 9
