2902 4649
567 137 1171 194 TUSCULANARUM
1206 135 1819 193 DISPUTATIONUM
1854 138 1948 193 III.
1988 144 2216 194 23-26,
2482 138 2561 202 17

196 306 505 367 bonorum
551 308 829 386 opinione
876 304 1223 383 turbantur,
1281 312 1346 365 ut
1393 304 1512 365 duo
1567 304 1824 387 reliqua,
1878 313 2073 367 metus
2130 313 2191 366 et
2236 305 2564 387 aegritudo,

206 394 518 456 malorum.
610 394 758 455 Nam
805 402 865 455 et
910 402 1144 455 metus
1191 395 1391 473 opinio
1428 395 1628 472 magni
1665 394 1802 455 mali
1838 393 2176 474 inpedentis
2223 404 2284 456 et
2329 399 2563 474 aegri-

208 484 381 546 tudo
440 491 532 545 est
587 486 786 564 opinio
843 486 1041 562 magni
1095 482 1233 543 mali
1287 485 1620 562 praesentis
1677 492 1738 545 et
1798 483 2064 563 quidem>
2095 502 2306 545 recens
2363 486 2563 565 opinio

208 572 344 634 talis
390 572 555 655 mali,
605 580 671 633 ut
714 575 775 633 in
824 591 894 632 eo
933 581 1164 634 rectum
1203 570 1474 633 videatur
1496 590 1642 651 xesse
1683 576 1843 654 angi3
1889 572 1949 632 id
1996 581 2195 634 autem
2243 582 2335 634 est
2383 582 2449 634 ut
2494 577 2564 655 iS‚

205 663 316 741 qui
362 661 583 742 doleat,
630 668 910 741 oportere
958 663 1239 740 opinetur
1287 680 1350 721 se
1399 660 1619 722 dolere.
1703 661 1808 722 His
1856 669 2055 722 autem
2100 662 2562 742 perturbationi-

210 750 352 832 buS,
397 769 545 829 quas
591 753 653 811 in
700 752 878 811 vitam
925 749 1235 811 hominum
1273 751 1526 823 stultitia
1566 754 1736 830 quasi
1774 751 2058 830 quasdam
2095 752 2280 812 furias
2318 754 2565 813 inmittit

208 848 389 918 atque
435 842 667 920 incitat,
714 838 991 900 omnibus
1039 838 1265 900 viribus
1322 847 1499 919 atque
1558 840 1771 920 opibus
1828 840 2281 920 repugnandum
2337 850 2455 923 est,
2513 844 2565 902 si

206 928 483 989 volumus
536 927 679 1009 hoc,
738 927 896 1007 quod
952 927 1154 989 datum
1211 936 1303 989 est
1358 931 1538 1009 vitae,
1595 928 1910 1009 tranquille
1968 929 2314 1009 placideque
2363 930 2564 998 tradu-

205 1035 366 1078 cere.
459 1017 576 1078 Sed
624 1025 822 1078 cetera
870 1016 1041 1078 alias:
1089 1035 1249 1077 nunc
1296 1018 1758 1100 aegritudinem,
1805 1021 1856 1078 si
1901 1036 2251 1100 possumne,
2308 1018 2561 1099 depella-

208 1124 361 1167 mus.
450 1105 517 1166 Id
553 1108 724 1187 ¹enim
782 1108 860 1166 sit
913 1108 1312 1187 propositum,
1360 1106 1597 1185 quando
1646 1106 1885 1186 quidem
1933 1126 2061 1168 eam
2110 1117 2176 1168 tu
2222 1107 2410 1169 videri
2456 1107 2565 1169 tibi

199 1198 274 1255 in
318 1197 647 1274 sapientem
694 1194 905 1255 cadere
954 1194 1181 1277 dixisti,
1229 1195 1387 1274 quod
1437 1214 1548 1275 ego
1594 1196 1756 1258 nullo
1804 1196 1980 1257 modo
2028 1198 2327 1278 existim03
2377 1205 2565 1258 taetra

209 1286 372 1344 enim
420 1302 518 1344 res
565 1292 684 1363 est,
735 1286 975 1365 misera,
1024 1283 1417 1365 detestabiliS,
1467 1288 1628 1346 omni
1675 1287 2084 1367 contentione,
2131 1285 2302 1366 veliS,
2361 1294 2428 1347 ut
2483 1288 2564 1345 ita

201 1373 430 1452 dicam,
475 1375 777 1451 remisque
825 1372 1119 1452 fugienda.
2589 1417 2670 1480 19

338 1544 350 1555 .
389 1461 591 1532 Qualis
640 1463 797 1522 enim
845 1461 954 1522 tibi
1000 1462 1096 1524 ille
1144 1462 1379 1523 videtur
1708 1475 1715 1486 ‘
2584 1458 2666 1544 26⁴

394 1585 649 1649 Tantalo
690 1585 1060 1664 proanatuS,
1109 1589 1330 1664 Pelope
1375 1586 1582 1663 natuS,
1630 1591 1739 1663 qui
1781 1591 2086 1663 quondam
2134 1587 2173 1649 ά
2218 1607 2402 1651 socru

397 1675 703 1738 Oe'nomao
750 1694 898 1751 reae
944 1673 1426 1753 Hippodameam
1472 1675 1669 1754 raptis
1714 1684 2003 1738 nanetust
2047 1676 2316 1755 nuptiis?

199 1800 360 1861 ‘Iovis
406 1803 521 1862 iste
569 1801 811 1880 quidem
855 1819 1181 1880 pronepos:
1238 1809 1434 1862 tamne
1493 1820 1634 1881 ergo
1682 1796 1965 1885 {abiectus
2010 1810 2249 1881 tamque
2298 1799 2564 1864 fractus?

481 1920 748 2002 ‘Nolite,'
795 1928 1008 2006 inquit,
1057 1920 1367 2002 ‘hospite'S,
1416 1929 1504 1987 ad
1546 1944 1639 1987 me
1685 1925 1898 1988 adire!
1946 1931 2086 1989 ilico
2134 1925 2296 2003 istie,

477 2033 554 2075 ne
600 2015 884 2091 co'ntaqio'
931 2032 1065 2076 mea
1114 2012 1283 2076 bonis
1330 2017 1622 2075 umbrave
1667 2016 1835 2078 obsit.

480 2102 652 2165 tanta
700 2108 789 2164 vis
833 2102 1085 2165 sce'leris
1135 2107 1199 2164 in
1245 2103 1507 2180 corpore
1552 2099 1808 2166 haeret?

199 2226 299 2287 Tu
360 2235 449 2307 te,
513 2225 800 2307 Thyesta,
864 2226 1170 2287 damnabis
1231 2225 1592 2307 orbabisque
1654 2226 1787 2288 luce
1848 2236 2094 2307 propter
2143 2231 2259 2289 vim
2320 2228 2562 2289 sceleris

202 2400 308 2467 τῆς
345 2394 411 2453 τὸ
452 2394 714 2465 δοξάζειν
741 2396 1074 2468 πρόσφατον
1103 2393 1333 2468 ἀγαθὸν

189 2475 502 2540 παρεῖναι,
553 2465 654 2539 ἐφ’
711 2462 754 2543 ᾧ
810 2466 1063 2538 καθήκει
1112 2466 1333 2540 ἐπαίρε-

200 2544 369 2595 σθαι.
444 2540 575 2610 Vgl.
614 2541 692 2594 IV
731 2558 776 2596 c.
817 2547 865 2595 6.

282 2616 367 2666 25.
428 2613 758 2671 turbantur:
822 2613 962 2666 statt
1025 2629 1094 2665 zu
1161 2626 1335 2681 :sa-gen

193 2684 433 2746 animus
497 2684 756 2738 turbatur
819 2683 1121 2751 cupiditate
1174 2682 1334 2736 fiber·

204 2755 369 2824 triigt
406 2752 519 2809 Cic.
550 2754 803 2809 dasselbe
832 2753 1080 2808 Verbum
1117 2752 1216 2807 auf
1241 2753 1333 2807 die

207 2824 517 2895 Begierde,
564 2824 655 2880 die
691 2825 771 2879 im
808 2825 966 2880 Geist
1010 2824 1172 2879 ihren
1220 2823 1336 2878 Sitz

193 2897 326 2953 hat.
366 2897 508 2965 Top.
529 2902 617 2963 26,
633 2901 701 2951 99
730 2896 886 2950 Huic
912 2897 1114 2965 qeneri,
1141 2897 1205 2949 in
1230 2911 1336 2964 quo

191 2973 258 3025 et
273 2968 654 3023 misericordia
672 2973 722 3021 et
739 2968 1042 3022 iracundia
1058 2997 1123 3006 -
1141 2972 1191 3021 et
1209 2971 1336 3020 cete-

197 3056 305 3094 rae
352 3038 533 3094 animi
577 3039 889 3106 affectione-8
915 3039 1334 3108 perturbaretur.

277 3125 465 3166 reeens
500 3111 706 3178 opinio.
782 3110 888 3164 Mit
936 3125 1119 3164 recens
1175 3109 1336 3162 fiber-

202 3183 355 3236 setzt
393 3180 506 3235 Cic.
552 3181 652 3235 das
700 3180 943 3236 stoische
988 3178 1338 3248 πρόσφατον,

199 3253 264 3305 d.
302 3254 362 3306 h.
404 3250 714 3321 eigentlich
765 3251 960 3306 ‘frisch
1006 3250 1334 3321 gesehlach-

203 3325 340 3389 oet’,
410 3322 561 3377 daim
628 3321 865 3377 ‘frisch'.
952 3322 1066 3377 Der
1138 3322 1334 3375 Zusatz

202 3393 403 3449 wurde
434 3412 540 3448 nur
563 3394 902 3463 angewandt
926 3394 986 3447 in
1014 3394 1113 3448 der
1130 3392 1336 3447 Defini-

201 3466 332 3521 tion
354 3465 455 3520 der
472 3465 687 3520 Frende
715 3465 830 3518 und
857 3465 956 3520 der
974 3465 1337 3518 Bekiimmer-

201 3537 326 3607 nis,
366 3536 418 3592 d.
458 3536 515 3591 h.
552 3536 651 3591 der
687 3535 935 3601 Affekte‚
974 3536 1187 3590 welche
1217 3533 1338 3589 sich

197 3608 313 3664 auf
362 3607 457 3663 ein
502 3606 948 3677 g'egenwartiges
986 3606 1122 3661 oder
1166 3606 1338 3660 sehon

202 3679 582 3746 vollendetes,
611 3679 729 3733 also
758 3678 858 3732 der
874 3676 1336 3748 Vergangenheit

195 3749 714 3806 anheimfallendes
787 3748 901 3804 Gut
982 3749 1117 3804 oder
1190 3736 1336 3802 Ubel

200 3824 479 3891 bezogen.
556 3820 608 3875 S.
650 3826 744 3889 31,
784 3826 866 3875 75.

276 3894 417 3947 velis
432 3923 500 3932 -
515 3893 805 3961 remisque:
834 3890 1097 3945 ahnliche
1126 3890 1335 3959 spi-ich-

199 3962 507 4018 wortliche
531 3962 918 4018 Redensarten
946 3962 1071 4017 sind
1099 3961 1172 4016 ad
1200 3960 1333 4015 fam.

201 4034 313 4090 XII
355 4039 453 4103 25,
492 4041 524 4089 3
575 4035 751 4090 ventis
795 4035 973 4091 remia.
1048 4033 1115 4088 de
1155 4032 1245 4088 off.
1284 4033 1337 4086 II

201 4112 296 4174 24,
325 4110 409 4178 ,84
447 4107 619 4161 armis
655 4111 705 4161 et
740 4107 951 4161 castris.
1023 4103 1209 4171 ΙΠ33,
1235 4110 1335 4159 116

200 4179 350 4233 viris
385 4178 657 4247 equisque.
730 4178 893 4231 Aueh
937 4177 1163 4245 remiyio
1197 4176 1335 4230 velo-

191 4265 312 4318 que
356 4249 536 4304 findet
585 4247 704 4304 sich
754 4249 813 4300 in
861 4247 1108 4317 gleicher
1142 4244 1334 4302 Weise

199 4319 300 4373 bei
340 4320 595 4374 Plautus.

317 4418 509 4468 Enna,
540 4417 632 4459 Cic.
653 4418 838 4459 Tuscul.
887 4419 924 4459 2.
945 4418 1068 4459 Heft.

1513 2401 1656 2468 Καρ.
1688 2398 1785 2455 12.
1857 2406 1942 2455 26.
1978 2401 2215 2456 Tantalo
2233 2407 2563 2472 prognatae,

1442 2470 1494 2524 d.
1535 2470 1572 2529 i.
1611 2471 1901 2539 Thyestes,
1980 2471 2066 2527 Ob
2116 2473 2268 2527 diese
2315 2473 2564 2527 trochai-

1443 2541 1614 2596 schen
1651 2541 2002 2597 Tetrameter
2050 2543 2163 2597 und
2208 2543 2298 2598 die
2343 2542 2562 2612 folgen-

1440 2612 1553 2666 den
1588 2612 1762 2666 Verse
1818 2630 1917 2673 aus
1971 2613 2295 2668 demeelben
2353 2613 2562 2668 Stiicke

1442 2682 1594 2749 sind,
1630 2685 1729 2737 *ist
1777 2684 2133 2739 zweifelhaft.
2207 2684 2310 2738 Die
2346 2683 2564 2753 folgen-

1442 2754 1553 2809 den
1605 2755 1773 2810 nolite
1836 2758 1969 2822 cet„
2035 2754 2174 2810 zwei
2227 2754 2562 2810 baeehisehe

1444 2826 1820 2894 Tetrametm,
1849 2826 1950 2881 auf
1974 2826 2186 2881 welche
2214 2825 2352 2880 zwei
2379 2827 2564 2881 cretici

1442 2896 1560 2950 und
1588 2896 1725 2951 zwei
1743 2896 2034 2953 Trochaen
2060 2896 2277 2967 folgen,
2309 2897 2434 2964 sind
2462 2912 2563 2950 aus

1447 2966 1576 3021 dem
1588 2968 1859 3037 Thyestes
1874 2967 1973 3024 des
1984 2968 2212 3023 Enniue.
2250 2967 2356 3023 Die
2365 2968 2563 3023 Worte

1446 3038 1664 3107 spricht
1726 3039 2030 3109 Thyestea,
2103 3039 2379 3094 nachdem
2442 3038 2562 3093 ihm

1446 3110 1600 3165 aeine
1650 3109 1861 3165 Kinder
1913 3129 2026 3166 von
2083 3111 2293 3165 seinem
2346 3110 2564 3165 Bruder

1445 3181 1651 3305 glarea?
1687 3200 1812 3235 zum
1840 3181 2030 3236 Mahle
2066 3182 2385 3251 vorgesetzt
2420 3181 2558 3235 sind.

1487 3293 1501 3306 .
1538 3271 1582 3305 z.
1683 3257 1777 3318 44,
1822 3258 1938 3308 107.

1516 3358 1552 3394 a
1588 3357 1760 3395 socru.
1835 3341 1980 3395 Non.
2019 3358 2074 3409 p.
2122 3346 2225 3394 223
2276 3357 2463 3396 socrus
2515 3348 2564 3397 et

1443 3413 1748 3466 masculino
1782 3427 1970 3480 yenere
2014 3418 2209 3466 veteres
2255 3413 2368 3467 dici
2404 3429 2564 3482 posse

1443 3484 1744 3537 voluerunt.
1799 3513 1866 3522 -
1917 3481 1984 3535 In
2040 3482 2308 3538 Oenomao
2361 3482 2439 3538 ist
2493 3500 2562 3540 ao

1445 3552 1708 3623 einsilbig
1744 3571 1811 3606 zu
1846 3552 2018 3607 lesen.

1517 3652 1696 3776 rapg‘s
1723 3652 1973 3720 nuptiis:
2000 3651 2203 3735 Pelops
2230 3651 2562 3736 fiberlistete

1442 3723 1557 3862 2¹33
1610 3722 2446 3864 ῑῃὲοῧὲξίὲιέὲαῖἓέῗᾞὲἒω
2453 3723 2565 3849 VS}

1444 3864 1644 3918 deenen
1680 3864 2099 3934 Wagenlenker
2154 3866 2416 3935 bestach,
2471 3865 2563 3920 die

1442 3936 1631 3990 Rader
1665 3935 1824 3991 nicht
1859 3936 1971 3992 feel·¹
2008 3955 2075 3990 zu
2113 3938 2364 3992 macheu.

1515 4034 1668 4100 illico
1702 4035 1828 4088 istic
1836 4075 1855 4101 ,
1894 4034 2142 4090 namlich
2178 4040 2315 4089 state
2323 4075 2341 4101 ,
2394 4034 2558 4101 malt,

1445 4104 1627 4159 bleibt
1663 4105 1793 4159 dort
1838 4105 1939 4159 auf
1971 4106 2071 4159 der
2109 4104 2283 4160 Stelle
2322 4105 2561 4160 stehen'.

1443 4175 1628 4230 Plaut.
1675 4176 1845 4231 Mero.
1883 4175 1935 4228 V
1975 4182 2034 4245 2,
2075 4183 2138 4230 ’11
2198 4193 2356 4245 cape,
2401 4193 2565 4244 puer,

1442 4247 1564 4302 chla
1657 4248 1776 4301 dem
1839 4254 1998 4316 atque
2060 4249 2185 4303 istic
2246 4254 2335 4303 sta
2395 4250 2561 4303 illico,

1395 4350 1400 4355 -
1444 4318 1567 4374 Ter.
1652 4318 1826 4373 horm.
1868 4319 1892 4372 I
1929 4325 1990 4387 4,
2031 4326 2096 4374 18
2135 4319 2239 4373 Sta
2275 4320 2418 4375 ilica

2104 4414 2135 4460 2
