2902 4649
573 159 1177 217 TUSCULANARUM
1212 159 1827 219 DISPUTATIONUM
1862 165 1905 219 I.
1947 170 2172 220 12—15.
2470 168 2548 230 11

185 326 467 388 tellorum
533 327 851 406 sepulchra
904 328 1096 408 videS,
1157 329 1411 389 miseros
1472 336 1647 407 putas
1709 326 1883 390 illos?
1974 334 2043 391 Α.
2102 330 2394 403 Quoniam
2454 350 2550 393 me

192 415 371 476 verbo
426 418 679 497 premiS,
734 416 982 495 posthac
1039 435 1161 478 non
1216 419 1298 478 ita
1353 416 1573 498 dicam,
1631 420 1882 480 miseros
1930 437 2091 501 esse,
2149 420 2254 481 sed
2302 429 2550 503 tantum,

186 508 468 585 miseros„
515 504 591 565 ob
639 505 699 565 id
745 507 971 587 ipsum,
1019 508 1157 586 quia
1204 523 1326 566 non
1370 508 1510 567 sint.
1603 507 1688 568 M.
1737 507 1869 567 Non
1916 507 2067 569 dicis
2111 511 2297 588 igitur
2344 505 2550 570 ‘miser

186 603 280 654 est
337 593 412 653 M.
471 589 774 674 Crassus',
839 594 944 654 sed
1007 604 1237 657 tantum
1300 591 1507 655 ‘miser
1565 595 1640 656 M.
1698 593 1989 658 Crassus'.
2081 597 2151 657 Α.
2209 597 2296 658 Ita
2356 597 2548 677 plane.

184 683 272 743 M.
320 681 502 753 Quasi
549 701 669 742 non
715 701 963 745 necesse
1012 686 1116 765 sit,
1174 684 1459 763 quicquid
1505 686 1620 745 isto
1667 684 1842 745 modo
1896 688 2283 767 pronuntieS,
2329 686 2399 771 ⁸id
2446 697 2548 748 aut
2572 701 2638 749 14

184 789 318 831 esse
366 780 468 831 aut
522 789 644 832 non
691 790 853 833 esse.
934 774 1024 833 An
1072 781 1139 834 tu
1186 772 1511 833 dialecticis
1566 791 1641 833 ne
1697 773 1964 835 imbutus
2021 775 2261 854 quidem
2320 771 2429 836 es?
2483 777 2547 836 in

183 861 396 939 ‘primis
452 862 614 920 enim
666 859 782 921 hoc
840 861 1121 925 traditur:
1179 879 1353 922 omne
1410 864 1863 940 pronuntiatum
1912 896 1995 906 —-
2044 865 2131 924 sic
2186 866 2344 924 enim
2403 863 2548 925 mihi

182 949 249 1009 in
314 951 648 1028 praesentia
706 953 974 1011 occurrit
1033 960 1102 1012 ut
1157 949 1516 1030 appellarem
1573 940 1857 1031 ἆξίωμαε
1912 962 2046 1013 utar
2101 961 2238 1031 post
2293 952 2433 1034 alic,
2494 954 2546 1013 si

179 1034 464 1098 invenero
515 1037 727 1098 melius
768 1071 852 1082 -—
890 1038 950 1101 id
998 1058 1142 1119 ergo
1190 1047 1282 1100 est
1326 1041 1796 1121 pronuntiatum,
1843 1041 2004 1119 quod
2052 1048 2144 1102 est
2191 1059 2397 1102 verum
2444 1050 2546 1103 aut

183 1125 425 1187 falsum:
474 1145 611 1187 cum
656 1129 841 1206 igitur
886 1127 1036 1189 dicis
1085 1124 1290 1189 ‘miser
1334 1127 1409 1187 M.
1460 1123 1751 1209 Crassus',
1808 1138 1910 1190 aut
1959 1129 2077 1190 hoc
2132 1129 2281 1190 dicis
2339 1125 2545 1191 ‘miser

184 1223 278 1275 est
333 1210 624 1296 Crassus',
678 1223 748 1276 ut
782 1219 994 1301 ‘possit
1045 1216 1299 1278 iudicari
1351 1234 1561 1276 verum
1616 1217 1677 1277 id
1732 1214 2024 1279 falsumne
2081 1220 2184 1300 sit,
2241 1228 2343 1279 aut
2398 1217 2545 1279 nihil

179 1303 330 1364 dicis
377 1307 636 1365 omnino.
727 1305 798 1365 Α.
846 1306 966 1385 Age
1015 1308 1130 1365 iam
1179 1303 1441 1367 concedo
1493 1323 1613 1365 non
1662 1323 1793 1366 esse
1839 1309 2091 1367 miseros
2103 1353 2122 1386 ‚
2171 1309 2275 1386 qui
2322 1309 2544 1368 mortui

178 1394 317 1472 siut,
354 1395 637 1470 quoniam
675 1396 997 1474 extorsisti,
1045 1402 1110 1455 ut
1158 1395 1401 1475 faterer,
1448 1396 1551 1473 qui
1599 1397 1840 1454 omnino
1888 1413 2008 1455 non
2056 1406 2275 1476 essent,
2322 1414 2426 1456 eos
2463 1414 2540 1457 ne

178 1483 432 1542 miseros
479 1480 719 1560 quidem
767 1500 898 1543 esse
947 1501 1141 1561 posse.
1236 1479 1435 1554 Quid?
1499 1484 1603 1561 qui
1634 1484 1926 1562 .vivimu5,
1982 1502 2120 1544 cum
2167 1484 2539 1546 moriendum

175 1571 282 1649 sit,
338 1587 535 1630 noune
590 1571 796 1631 miseri
851 1568 1101 1632 sumus‘s>
1195 1570 1357 1643 Quae
1415 1573 1575 1631 enim
1632 1578 1832 1649 potest
1876 1574 1940 1632 in
1985 1574 2104 1633 vita
2150 1590 2283 1635 esse
2330 1575 2539 1634 iucun-

174 1658 355 1737 ditas,
426 1677 564 1719 cum
620 1658 748 1720 dies
804 1668 864 1720 et
920 1669 1126 1721 noctes
1183 1659 1564 1739 cogitandum
1620 1662 1699 1720 sit
1753 1662 1870 1720 iam
1924 1662 2160 1740 iamque
2222 1680 2353 1724 esse
2415 1679 2537 1722 mo·

169 1744 496 1808 tiendum?

354 1836 438 1896 M.
486 1835 715 1915 Ecquid
773 1854 916 1916 ergo
972 1836 1268 1917 intellegis
1335 1846 1625 1917 quantum
1686 1836 1825 1897 mali
1886 1837 1958 1898 de
2020 1838 2274 1899 humana
2336 1806 2627 1933 condi-{5

170 1925 346 1999 cione
408 1921 744 1985 deieceris?
847 1926 919 1985 Α.
981 1924 1251 1997 Quonam
1311 1923 1532 1987 modo?
1637 1926 1722 1986 M.
1784 1923 1963 2007 Quia,
2032 1928 2083 1986 si
2144 1929 2297 1988 mori
2357 1929 2536 1989 etiam

167 2013 427 2073 mortuis
474 2015 761 2073 miserum
808 2021 996 2095 esset,
1042 2015 1341 2076 infinitum
1389 2014 1685 2094 quoddam
1732 2024 1794 2074 et
1839 2016 2272 2092 sempiternum
2319 2015 2538 2076 malum

165 2100 530 2162 haberemus
580 2099 670 2178 [in
717 2100 889 2179 vitaJ:
946 2121 1108 2163 nunc
1154 2104 1323 2164 video
1372 2103 1622 2185 calcem,
1670 2104 1743 2164 ad
1791 2121 1967 2182 quam
2016 2123 2150 2165 cum
2200 2106 2277 2165 sit
2325 2103 2535 2164 decur-

169 2207 336 2269 sum,
411 2189 559 2250 nihil
631 2192 710 2250 sit
772 2202 1084 2270 praeterea
1157 2192 1684 2253 extimescendum.
1789 2191 1906 2251 Sed
1972 2202 2039 2252 tu
2103 2192 2249 2252 mihi
2314 2192 2535 2253 videris

166 2277 546 2360 Epicharmi,
610 2281 770 2341 acuti
815 2297 926 2341 nec
972 2279 1188 2342 insulsi
1232 2280 1518 2364 hominis»,
1564 2288 1633 2342 u't
1679 2279 1892 2362 Siculi,
1939 2283 2299 2357 sententiam
2346 2283 2533 2361 sequi.

168 2414 340 2470 Seine
377 2413 730 2470 Grabschrift
782 2415 1039 2472 erwfihnt
1076 2415 1189 2472 Cic.
1227 2417 1298 2471 de
1404 2416 1683 2471 neinende
1729 2417 1990 2472 Antwort
2039 2419 2318 2473 erwartet.
2394 2417 2448 2472 S.
2488 2437 2533 2474 z.

166 2501 290 2540 sen.
332 2491 414 2553 17,
462 2491 529 2540 61
580 2487 727 2541 hwne
772 2504 949 2542 unwm
984 2489 1300 2557 ploirumae
1406 2488 1459 2542 II
1498 2494 1585 2553 14,
1623 2494 1710 2542 32.

166 2558 520 2612 consentiunt
535 2562 718 2626 gentes
735 2559 940 2627 populi
963 2560 1298 2627 primarium
1478 2560 1764 2625 deieceris,
1820 2576 1933 2613 von
1986 2559 2211 2613 wieviel
2261 2546 2408 2614 Ubel
2459 2560 2536 2615 du

161 2628 344 2696 fuisse
376 2629 560 2683 virwm
594 2628 636 2698 [
629 2629 875 2683 virorum
868 2629 927 2699 ].
1407 2629 1680 2684 enssastet
1730 2630 1875 2685 hant.
1950 2629 2004 2683 II
2053 2636 2084 2694 ξ
2125 2636 2193 2684 14
2251 2631 2535 2701 Quantum

247 2704 333 2752 14.
370 2700 613 2754 imbutus
630 2699 964 2754 bezeichnet
979 2700 1151 2756 meist·
1171 2699 1296 2754 eine
1405 2701 1472 2756 de
1506 2700 1716 2755 doloris
1751 2706 1957 2755 terrore
1991 2701 2259 2755 deieceris.

161 2769 604 2825 oberfiachliche
641 2768 934 2825 KenntniS.
998 2771 1130 2826 Tac.
1161 2771 1295 2827 dial.
1476 2771 1643 2826 mori.-
1696 2769 1857 2825 nieht
1911 2771 2012 2826 der
2068 2771 2186 2825 Akt
2239 2771 2337 2826 des
2384 2772 2533 2830 Ster-

167 2857 216 2895 c.
243 2845 314 2895 19
351 2856 473 2895 cum
499 2841 598 2895 via:
625 2872 694 2881 -
722 2842 1013 2911 quisquam
1040 2843 1295 2909 adsistat,
1404 2843 1544 2897 bens
1582 2841 1777 2910 selbot,
1815 2841 2054 2897 sondern
2091 2841 2184 2895 die
2222 2841 2402 2898 damst
2435 2861 2531 2899 zu·
2609 2867 2618 2870 ·

157 2914 266 2981 qui
322 2913 591 2967 clamatis
652 2913 965 2968 studiorum
1027 2914 1129 2968 etsi
1182 2929 1298 2969 non
1405 2913 1996 2983 sammenhangenden
2025 2912 2241 2983 Folgen
2263 2914 2399 2969 sind
2436 2931 2536 2984 ge-

160 2984 494 3050 instruetus,
530 2988 591 3038 at
628 2989 766 3038 certe
801 2985 1044 3039 imbutus
1077 2985 1166 3038 sit.
1216 3018 1223 3024 -
1402 2984 1597 3039 meint.
2174 3038 2178 3041 ,

239 3055 311 3108 in
364 3056 595 3123 primis,
660 3055 713 3109 d.
766 3054 803 3109 i.
871 3056 936 3109 in
989 3056 1298 3124 principie,
1473 3057 1538 3110 in
1573 3056 1716 3122 vita,
1769 3054 1959 3110 wiirde
1995 3055 2104 3109 mit
2140 3055 2272 3110 dem
2289 3055 2529 3112 Vorher-

156 3127 336 3179 anter
389 3125 499 3179 den
556 3127 742 3179 ersten
798 3126 1024 3195 Samen,
1079 3126 1295 3181 welche
1402 3125 1700 3196 gehenden
1726 3125 2053 3182 verbunden
2091 3126 2222 3181 dem
2248 3127 2532 3195 infinitum

158 3195 262 3250 die
303 3195 590 3251 Dialektik
626 3197 793 3252 lehrt.
1401 3198 1609 3253 malwm
1672 3196 2145 3266 widersprechen‚
2225 3198 2373 3253 denn
2438 3200 2530 3253 ein

236 3283 397 3323 omne
429 3269 885 3336 pronumtiatum:
922 3267 1013 3322 die
1046 3266 1295 3323 stoisehe
1403 3268 1610 3337 ewiges
1649 3267 1912 3338 Ungliick
1948 3268 2179 3323 wiirden
2218 3269 2319 3323 wir
2369 3269 2529 3324 nicht

153 3337 476 3394 Definition
511 3339 719 3394 lautetz
768 3332 991 3409 ἀξίωμά
1031 3333 1210 3404 ἐστιν,
1237 3331 1294 3392 ὅ
1399 3338 1549 3395 blora
1577 3339 1658 3393 im
1685 3340 1893 3405 Leben‚
1932 3340 2173 3394 condem
2200 3340 2346 3395 auch
2377 3339 2529 3395 nach

157 3405 321 3465 ἔστιν
356 3404 576 3478 ἀληθὲς
610 3403 646 3477 ἢ
683 3410 917 3478 ψεῦδος.
995 3409 1158 3478 Diog.
1188 3408 1295 3462 VII
1400 3409 1530 3464 dem
1588 3410 1745 3466 Tode
1800 3408 2002 3464 haben.
2077 3409 2185 3464 Mit
2237 3410 2367 3465 dem
2402 3411 2527 3466 Fol-

156 3486 252 3536 65.
314 3480 564 3535 Zumeist
597 3476 881 3535 ubersetzfi
919 3478 1030 3535 Cic.
1070 3476 1293 3551 ἀξίωμα
1400 3481 1622 3552 genden
1673 3479 1999 3538 verbunden
2053 3479 2212 3549 giebt
2257 3497 2316 3536 es
2362 3482 2529 3537 einen

152 3552 273 3606 mit
309 3553 660 3607 enuntiatum
696 3551 831 3607 oder
867 3552 1110 3620 effatum.
1158 3587 1167 3592 ι
1400 3552 1694 3608 iiberfliissi
1739 3569 1809 3606 en
1834 3550 1953 3604 und
1978 3552 2281 3606 stbrenden
2309 3553 2526 3623 Zazata,

230 3623 304 3678 id
337 3638 463 3693 erqo
499 3627 591 3677 eet.
644 3623 760 3677 Der
795 3624 1123 3692 begonnene
1163 3621 1293 3677 Sal-‚z
1400 3623 1476 3678 da
1510 3623 1657 3678 doeh
1731 3639 1795 3677 as
1832 3621 1951 3676 Ziel
1990 3619 2152 3677 nicht
2185 3623 2246 3677 in
2282 3623 2384 3678 das
2420 3624 2523 3679 Le-

152 3693 312 3749 wird
366 3694 425 3748 in
481 3695 656 3749 etwas
711 3693 1073 3749 veranderter
1125 3694 1293 3749 Form
1399 3693 1510 3748 ben
1543 3693 1693 3761 faut,
1730 3692 1970 3748 sondern
2010 3694 2217 3762 gerade
2254 3693 2361 3749 mit
2396 3694 2526 3749 dem

151 3765 315 3820 nach
371 3764 472 3819 der
516 3764 858 3820 Pal-entheae
908 3764 1118 3819 wieder
1171 3765 1290 3820 auf·
1397 3763 1691 3819 Aufhbren
1735 3759 1834 3818 des
1871 3763 2092 3818 Lebens
2140 3766 2395 3834 gegeben
2430 3765 2523 3820 ist.

149 3851 518 3906 genommen.
574 3834 843 3906 Hauflger
879 3836 964 3890 als
997 3852 1123 3905 erqo
1151 3832 1293 3890 w'ird
1399 3834 1529 3905 Vgl.
1567 3839 1599 3900 ὅ
1635 3841 1668 3889 9
1714 3836 1766 3889 si
1814 3835 1954 3890 solos
2004 3851 2091 3889 eos
2126 3835 2329 3890 diceres
2370 3836 2524 3891 miae-

146 3909 343 3979 iqitur
378 3907 717 3976 gebraucht‚
765 3924 862 3960 um
909 3905 1000 3961 die
1040 3907 1290 3961 Wieder-
1334 3946 1342 3954 .
1397 3922 1507 3974 ros,
1545 3908 1744 3976 quibus
1770 3906 2110 3961 moriendum
2138 3913 2269 3961 esset
2298 3937 2363 3946 -—
2394 3912 2525 3961 esset

147 3978 469 4050 aufnahme
524 3978 622 4033 des
679 3977 1016 4033 Gedankens
1075 3995 1143 4032 zu
1195 3976 1291 4032 be·
1396 3982 1580 4032 tamen
1606 3979 1856 4034 miseriae
1880 3977 2014 4043 finis
2039 3978 2105 4031 in
2135 3983 2318 4043 morte,
2357 3983 2388 4043 ξ
2420 3984 2522 4033 100

144 4048 448 4105 zeiehnen.
1397 4050 1545 4104 vitae
1587 4050 1816 4105 miserae
1858 4062 2004 4102 mora
2047 4048 2179 4114 finis
2224 4064 2332 4103 esse
2374 4050 2521 4104 vide-

224 4121 378 4191 Kap.
401 4120 458 4176 8.
502 4126 585 4176 15.
614 4120 858 4191 Ecquid,
886 4119 1291 4189 ‘etwa,wohl’‚
1398 4125 1518 4186 tur,
1562 4137 1707 4176 mors
1749 4122 1803 4175 si
1845 4124 1923 4175 est
1966 4119 2193 4185 misera,
2236 4120 2370 4188 finis
2413 4136 2524 4176 esee

145 4191 318 4247 steht
369 4192 431 4246 in
493 4191 743 4247 direkter
804 4191 919 4246 und
980 4190 1292 4246 indirekter
1397 4192 1589 4246 nullus
1615 4195 1810 4259 potest.

144 4262 364 4331 Frage,
409 4262 627 4319 sowohl
662 4278 828 4318 wenn
862 4278 997 4317 man
1032 4262 1157 4318 eine
1195 4264 1290 4317 be·
1471 4262 1817 4331 Epicharmi.
1880 4263 1956 4317 Er
1991 4279 2110 4319 war
2143 4278 2245 4316 aus
2272 4262 2385 4317 Kos
2421 4279 2520 4332 ge-

136 4333 432 4404 jahende,
484 4334 570 4389 als
606 4350 773 4389 wenn
817 4350 953 4389 man
996 4334 1120 4388 eine
1167 4350 1291 4389 ver-
1398 4334 1594 4404 biirtig
1630 4333 1746 4387 und
1770 4333 1961 4388 fflhrte
1989 4351 2087 4388 zur
2113 4331 2236 4388 zeit
2261 4333 2361 4387 der
2388 4333 2519 4388 Per-
