2902 4649
213 1371 300 1435 31

329 137 416 200 42
711 203 716 209 ,
1111 137 1187 193 Μ.
1225 137 1472 192 TULLII
1509 137 1893 194 CICERONIS

273 321 278 326 ·
331 306 597 385 quamvis
642 305 882 384 copiose
930 304 1084 365 licet.
1176 304 1322 365 Nam
1370 313 1431 366 et
1477 308 1582 384 qui
1628 324 1750 366 non
1795 305 2067 367 levantur
2105 308 2229 386 ipsi
2272 326 2341 369 se
2384 307 2457 368 ad
2503 309 2689 369 mise-

326 397 478 455 riam
531 395 782 454 invitant
837 401 898 454 et
951 396 1055 472 qui
1112 412 1252 455 suos
1308 412 1484 456 casus
1539 393 1711 455 aliter
1767 395 1997 476 ferunt,
2057 404 2234 476 atque
2290 404 2358 457 ut
2404 405 2688 458 auctores

329 483 459 545 aliis
512 484 629 563 ipsi
684 482 954 562 fuerunt,
1019 500 1139 543 non
1207 491 1349 545 sunt
1402 485 1741 545 vitiosiores
1800 502 1977 563 quam
2033 485 2159 546 fere
2218 484 2515 567 plerique,
2578 488 2693 565 qui

327 573 486 633 avari
530 590 737 632 avaros
746 619 764 651 ,
809 570 1028 650 gloriae
1077 572 1327 651 cupidos
1372 571 1618 651 gloriosi
1663 572 2143 655 reprehendunt3
2198 582 2293 635 est
2339 576 2497 635 enim
2542 593 2687 654 pro·

236 676 309 726 ⁴74
326 663 525 742 prium
572 660 857 722 stultitiae
905 659 1155 722 aliorum
1201 662 1343 721 vitia
1387 679 1655 742 cernere,
1702 661 1971 723 oblivisci
2007 681 2272 724 suorum.
2356 662 2475 724 Sed
2513 666 2689 724 nimi-

324 768 464 811 rum
506 750 622 810 hoc
676 767 1018 810 maxumum
1075 758 1169 810 est
1222 751 1723 832 experimentum,
1780 769 1918 812 cum
1972 760 2207 813 constet
2249 752 2691 831 aegritudinem

324 847 619 900 vetustate
676 837 828 919 tolli,
883 838 1037 899 hanc
1083 840 1202 899 vim
1248 857 1369 902 non
1416 857 1549 900 esse
1595 841 1657 899 in
1706 839 1800 900 die
1848 842 2127 922 positam,
2184 841 2288 901 sed
2344 843 2405 901 in
2460 844 2688 920 cogita-

325 930 488 989 tione
536 927 834 989 diuturna.
926 926 1075 987 Nam
1122 930 1174 988 si
1222 935 1282 988 et
1327 927 1536 989 eadem
1582 946 1681 989 res
1728 936 1822 989 est
1867 936 1928 989 et
1973 928 2133 990 idem
2181 938 2272 990 est
2316 929 2521 1010 homo,
2580 932 2690 1009 qui

322 1025 523 1097 potest
568 1019 887 1097 quicquam
932 1015 1025 1077 de·
1053 1016 1257 1078 dolore
1305 1020 1554 1098 mutari,
1608 1020 1661 1077 si
1706 1035 1902 1096 neque
1951 1017 2023 1078 de
2071 1036 2174 1098 eo,
2227 1027 2476 1098 propter
2521 1019 2689 1098 qnod

323 1106 502 1187 dolet,
548 1109 866 1185 quicquam
913 1114 1007 1166 est
1052 1113 1346 1167 mutatum
1401 1123 1599 1184 neque
1655 1105 1727 1166 de
1778 1124 1878 1187 eo,
1938 1108 2044 1186 qui
2098 1104 2300 1168 dolet?

2391 1106 2686 1187 Cogitatio

323 1197 509 1274 igitur
564 1193 871 1276 diuturna,
926 1194 1076 1254 nihil
1133 1212 1265 1254 esse
1320 1197 1385 1254 in
1441 1213 1509 1255 re
1556 1194 1719 1275 mali,
1776 1194 1968 1256 dolori
2021 1195 2322 1277 medetur,
2377 1214 2499 1257 non
2552 1198 2687 1276 ipsa

321 1283 701 1345 diuturnitas

504 1372 616 1432 Hic
654 1372 797 1432 mihi
834 1372 1113 1433 adferunt
1148 1372 1608 1434 mediocritates.

1700 1372 1865 1445 Quae
1903 1375 1954 1434 si
1990 1373 2294 1434 naturales
2331 1384 2489 1454 sunt,
2538 1374 2687 1454 quid

325 1480 477 1541 opus
509 1469 626 1522 est
681 1458 1128 1526 consolatione?
1194 1469 1407 1522 natura
1464 1463 1623 1522 enim
1677 1464 1807 1541 ipsa
1861 1462 2208 1524 terminabit
2254 1462 2523 1543 modum3
2588 1466 2687 1524 sin

324 1549 679 1630 opinabiles,
735 1552 935 1629 opinio
989 1558 1112 1611 tota
1168 1549 1427 1611 tollatur.
1522 1551 1678 1611 Satis
1735 1551 1961 1612 dictum
2007 1569 2141 1612 esse
2189 1551 2449 1612 arbitror
2493 1554 2684 1632 aegri-

326 1639 597 1701 tudinem
656 1656 789 1700 esse
851 1641 1193 1718 opinionem
1253 1638 1389 1700 mali
1456 1642 1816 1720 praesentis,
1879 1642 1944 1701 in
2013 1658 2132 1720 qua
2195 1641 2474 1720 opinione
2533 1640 2685 1702 illud

233 1742 303 1791 75
322 1730 492 1809 insit,
547 1737 614 1789 ut
668 1727 1105 1807 aegritudinem
1161 1730 1468 1807 suscipere
1523 1736 1813 1807 oporteat.
1903 1728 2158 1790 Additur
2213 1728 2285 1789 ad
2340 1729 2494 1790 hanc
2538 1729 2685 1811 defi7

323 1820 613 1879 nitionem
660 1836 693 1877 a
738 1815 975 1877 Zenone
1021 1826 1205 1897 recte,
1251 1826 1320 1877 ut
1363 1816 1462 1877 illa
1509 1819 1709 1897 opinio
1756 1821 2090 1896 praesentis
2139 1818 2276 1879 mali
2322 1820 2400 1879 sit
2444 1836 2679 1880 recenS.

324 1905 450 1967 Hoc
497 1913 696 1966 autem
742 1905 991 1967 verbum
1038 1908 1125 1967 sic
1171 1907 1673 1986 interpretantur,
1720 1915 1789 1968 ut
1833 1925 1955 1967 non
2000 1914 2229 1969 tantum
2276 1906 2421 1967 illud
2466 1925 2683 1969 recens

325 2012 459 2055 esse
505 1994 713 2074 velint,
771 1993 929 2073 quod
974 1993 1150 2073 paulo
1196 2004 1333 2055 ante
1381 1994 1691 2076 acciderit,
1737 1995 1870 2077 sed,
1923 2014 2101 2075 quam
2147 1995 2250 2057 diu
2296 1997 2359 2056 in
2403 1995 2504 2056 illo
2552 1999 2682 2075 opi-

321 2091 461 2144 nato
507 2082 660 2144 malo
706 2085 794 2143 vis
843 2082 1134 2162 quaedam
1174 2085 1342 2164 insit,
1400 2092 1469 2144 ut
1514 2085 1705 2163 vigeat
1761 2092 1821 2145 et
1875 2084 2113 2152 habeat,
2135 2084 2428 2164 quandam
2476 2084 2709 2145 viridi--

322 2180 532 2253 tatem,
592 2181 711 2232 tam
758 2172 861 2232 diu
908 2171 1238 2252 appelletur
1283 2190 1515 2234 recens,
1607 2172 1687 2233 Ut
1730 2173 2047 2235 Artemisia
2090 2172 2215 2253 illa,
2274 2173 2526 2234 Mausoli
2572 2173 2679 2234 Ga·

391 2327 489 2397 qui
532 2343 647 2381 non
692 2327 971 2393 levantur,
1027 2324 1277 2381 niimlich
1322 2343 1445 2382 con-

316 2398 599 2452 solatione.

391 2484 506 2523 mm
558 2473 690 2523 sunt
742 2469 1073 2533 vitiosiores,
1137 2468 1190 2520 d.
1238 2469 1275 2522 i.
1331 2485 1446 2523 non

320 2541 505 2596 minus
538 2539 727 2594 vitiosi
759 2545 905 2594 sant.
974 2539 1102 2593 Wie
1138 2540 1218 2593 im
1255 2538 1443 2594 Latoi-

318 2611 554 2666 nischen
598 2627 710 2665 non
762 2611 939 2679 mayis
975 2641 1044 2650 —
1089 2628 1253 2681 quam
1298 2612 1443 2666 auch

321 2683 401 2736 im
439 2680 608 2737 Sinne
654 2698 766 2737 von
823 2681 1182 2736 ‘ehensosehr
1224 2713 1296 2722 —-
1333 2682 1445 2737 als’

317 2753 633 2822 gebraucht
678 2751 842 2822 wird‚
899 2753 1103 2808 ebenso
1150 2753 1295 2808 auch
1342 2753 1443 2808 der

320 2823 691 2893 Komparativ
717 2823 870 2878 eines
891 2823 1159 2894 Adjektiv
1176 2823 1286 2878 mit
1310 2841 1440 2880 non.

319 2895 391 2948 de
439 2911 551 2949 sen.
590 2900 651 2962 4,
704 2900 768 2948 11
824 2911 923 2949 nec
974 2911 1100 2951 vero
1152 2897 1217 2950 in
1270 2897 1444 2950 armis

317 2967 692 3034 praestantior
754 2982 919 3034 qaam
979 2968 1045 3020 in
1102 2971 1246 3036 toya.
1320 2965 1441 3022 Liv.

319 3034 593 3100 XXV36,
634 3042 701 3091 14
740 3038 1443 3093 luctuseoemorteeorum

318 3107 693 3176 (Scipionum)
708 3124 823 3162 non
839 3107 1048 3162 Romae
1062 3111 1259 3174 maior,
1277 3126 1441 3178 quam

310 3196 416 3248 per
450 3184 620 3234 totam
654 3179 1014 3248 Hispaniam.

392 3256 477 3305 74.
516 3268 834 3305 mammam
879 3255 956 3305 est
991 3251 1412 3319 experimentum
1421 3272 1441 3305 .-

315 3322 419 3375 der
478 3320 800 3392 wichtigste
871 3320 1440 3391 Erfahrungsbeweis,

313 3392 565 3447 namlich
611 3392 798 3461 dafflr,
848 3391 969 3447 dass
1006 3392 1107 3447 das
1143 3392 1439 3448 Nachden-

316 3465 431 3517 ken
466 3464 575 3519 den
610 3463 879 3519 Kummer
912 3464 1148 3532 findet-t,
1195 3464 1313 3518 und
1350 3480 1438 3519 so·

317 3534 425 3588 mit
439 3533 691 3589 derselbe
709 3535 809 3590 auf
821 3535 976 3591 einer
985 3534 1331 3605 Einbildung
1342 3535 1438 3590 be-

315 3604 463 3659 rnht.
513 3605 668 3676 Lege
696 3623 757 3660 er
784 3607 869 3662 als
899 3607 1225 3687 notwendig
1245 3609 1306 3661 in
1340 3606 1440 3661 der

317 3674 600 3745 Wirkung
654 3676 754 3732 der
810 3677 990 3732 Sache
1043 3693 1117 3732 an
1172 3677 1318 3747 such,
1375 3693 1437 3732 so

314 3746 528 3802 konnte
566 3747 657 3801 die
693 3748 816 3803 Zeit
846 3747 1054 3803 keinen
1088 3748 1438 3803 mildernden

316 3817 552 3873 Einflul's
590 3819 802 3887 haben,
851 3819 925 3873 da
971 3818 1092 3874 sich
1127 3819 1218 3873 die
1256 3819 1438 3877 Sache

315 3889 432 3944 und
493 3889 700 3945 mithin
762 3889 908 3945 auch
969 3889 1092 3945 ihre
1157 3891 1439 3960 Wirkung

315 3959 477 4015 nicht
494 3962 808 4029 vei-andert,
825 3979 867 4016 s.
892 3966 923 4026 ἓ
940 3966 1026 4018 53.
1065 3961 1202 4016 Dare
1229 3962 1436 4017 ebenso

316 4031 418 4086 auf
458 4031 551 4087 die
586 4031 950 4103 Vorstellung
997 4032 1097 4087 des
1133 4032 1437 4088 Menschen

314 4101 418 4158 das
444 4102 828 4159 Nachdenken
863 4104 978 4158 und
1004 4103 1164 4158 nicht
1190 4104 1281 4159 die
1313 4104 1438 4158 Zeit

315 4172 592 4243 einwirkt,
628 4175 769 4245 geht
804 4175 1005 4229 claraus
1042 4175 1271 4243 hervor,
1309 4173 1435 4230 dass

313 4244 406 4299 bei
433 4246 709 4301 manchen
736 4246 828 4301 die
854 4234 1233 4317 &hm-legun&
1268 4247 1434 4312 ratio,

313 4314 574 4372 dasselbe
612 4317 828 4374 schnell
862 4317 1128 4386 bewirkt,
1174 4333 1291 4373 was
1339 4317 1434 4373 bei

1513 2372 1518 2377 .
1555 2326 1767 2381 andern
1805 2326 1896 2381 die
1932 2326 2277 2396 Edam-ung,
2314 2343 2477 2396 usas,
2515 2328 2678 2397 lang-

1555 2413 1694 2452 sam.
1769 2396 1823 2451 S.
1863 2402 1893 2463 ἓ
1933 2402 2021 2452 54.

1624 2466 1765 2538 Kap.
1801 2467 1898 2523 31.
1937 2469 2201 2536 adferant
2234 2469 2368 2525 med.
2372 2510 2390 2536 ,
2425 2469 2677 2524 namlieh

1552 2540 1857 2594 wiederum
1876 2538 1968 2594 die
1982 2540 2411 2609 Peripatetiker‚
2431 2559 2475 2594 s.
2489 2547 2571 2610 10,
2584 2546 2670 2595 22.

1622 2616 1832 2665 natura
1876 2612 2021 2665 enim
2067 2613 2171 2666 cet.
2246 2609 2336 2666 Da
2388 2612 2524 2667 aber
2578 2611 2673 2666 die

1551 2681 1735 2736 Natur
1788 2681 1908 2736 dies
1970 2681 2129 2737 nicht
2182 2681 2337 2750 that,
2408 2699 2469 2738 so
2523 2682 2676 2752 folgt

1551 2753 1780 2822 darana,
1855 2752 1978 2808 dass
2050 2752 2142 2808 die
2204 2752 2677 2808 Leidenschaften

1550 2823 1709 2878 nicht
1771 2823 2149 2906 naturgemass
2215 2825 2366 2894 sind,
2429 2825 2676 2881 sondern

1551 2895 1652 2949 auf
1700 2895 1854 2950 einer
1893 2895 2239 2966 Embildung
2291 2895 2558 2950 beruhen.
2597 2927 2668 2935 -——·

1549 2967 1844 3022 terminare
1877 2967 2096 3021 modam
2130 2967 2208 3021 ist
2244 2966 2336 3021 ein
2363 2967 2669 3022 seltenerer

1551 3037 1847 3091 Ausdruck
1901 3039 2043 3092 statt
2095 3038 2192 3092 des
2239 3037 2673 3107 gewbhnlichen

1547 3110 1767 3164 modam
1800 3124 2018 3177 ponere,
2054 3110 2503 3165 circumscribere.

1620 3181 1952 3249 opinabiles.-
1980 3180 2081 3234 das
2108 3180 2275 3235 Wort
2301 3180 2519 3235 scheint
2547 3181 2670 3235 sich

1552 3249 1663 3305 Cic.
1712 3251 1890 3305 selbst
1932 3250 2187 3321 gebildet
2229 3269 2298 3305 zu
2333 3251 2534 3320 haben,
2573 3269 2671 3306 um

1548 3322 1648 3375 das
1677 3320 2027 3390 griechische
2057 3320 2329 3389 ὃοξαστός
2366 3322 2489 3376 ‘auf
2514 3323 2672 3378 einer

1546 3391 1890 3463 Einbildung
1971 3392 2281 3448 bernhend’
2365 3394 2669 3449 wiederzu·

1547 3463 1746 3533 geben.
1820 3464 1891 3519 de
1920 3465 2028 3520 div.
2058 3467 2083 3519 l
2115 3471 2198 3530 14,
2227 3471 2296 3518 24
2329 3481 2519 3520 earum
2544 3466 2670 3520 dico

1548 3537 1756 3590 artium
1791 3552 1930 3604 qaae
1965 3538 2277 3591 coniectura
2317 3539 2668 3592 continentur

1547 3611 1599 3660 et
1633 3612 1764 3661 sunt
1798 3607 2116 3676 opinabiles.

1620 3683 1705 3733 75.
1741 3693 1940 3744 recem,
1970 3695 2013 3732 s,
2042 3697 2086 3732 z.
2118 3684 2202 3746 11,
2232 3682 2317 3732 25.
2372 3676 2528 3733 Stob.
2560 3677 2666 3733 ecl.

1546 3747 1600 3801 II
1654 3767 1709 3819 p.
1750 3754 1853 3804 170
1907 3745 1970 3803 τὰ
2029 3746 2094 3803 δὲ
2149 3746 2481 3818 πρόσφατον
2537 3743 2669 3804 ἀντὶ

1543 3820 1647 3874 τοῦ
1699 3821 1990 3889 κινητικοῦ
2048 3819 2314 3888 συστολῆς
2366 3815 2579 3889 ἀλόγου
2624 3815 2664 3890 ἢ

1548 3886 1850 3961 ἔπάρσεως.
1925 3889 2202 3961 Chrysipp
2247 3889 2340 3945 bei
2381 3890 2560 3947 Galen
2605 3891 2662 3946 d.

1546 3961 1730 4032 dogm.
1786 3980 1840 4031 p.
1883 3966 1990 4016 416
2055 3962 2269 4017 erklfirt
2329 3960 2665 4032 πρόσφατον

1545 4032 1650 4087 mit
1682 4028 1748 4088 τὸ
1796 4029 2052 4103 ὁπόγυον
2097 4033 2242 4088 κατὰ
2290 4030 2393 4088 τὸν
2437 4030 2661 4104 χρόνον.

1613 4105 1679 4159 in
1730 4105 1828 4159 illo
1881 4106 2108 4173 opinato
2161 4106 2330 4172 malo,
2389 4104 2452 4160 in
2500 4107 2666 4176 Jener

1542 4174 1887 4246 Einbildung
1923 4175 2076 4232 eines
2111 4162 2302 4232 Ubels.

1613 4247 1943 4315 Artemisia,
2001 4266 2098 4303 zur
2146 4248 2268 4302 Zeit
2315 4247 2665 4304 Alexanders

1542 4318 1643 4374 des
1681 4316 1931 4375 Grossen.
2004 4318 2121 4375 Das
2155 4335 2271 4375 von
2300 4319 2391 4373 ihr
2427 4320 2663 4376 erbaute

2894 0 2897 24 l

2894 91 2895 104 ι

2894 117 2895 132 1
