2902 4649
317 160 444 225 108

1098 160 1173 214 M.
1214 159 1457 216 TULLII
1495 158 1879 238 CICERONIS

309 326 542 402 ,Xerxes
590 328 831 407 quidem
878 328 1139 389 refertus
1187 326 1464 389 omnihus
1509 327 1790 409 praemiis
1846 325 2138 406 donisque
2185 326 2487 408 fortunae,
2544 345 2673 387 non‘

314 418 603 497 equitatu,
648 436 768 477 non
815 416 1195 497 pedestribus
1243 419 1460 497 copiiS,
1503 433 1625 477 non
1673 418 1908 476 navium
1955 414 2364 495 multitudine,
2411 433 2530 476 non
2577 418 2667 475 in-

313 506 480 567 finito
525 505 791 586 pondere
840 508 971 567 auri
1016 513 1361 587 contentuS,
1417 507 1748 586 praemium
1792 505 2133 584 proposuit,
2190 506 2294 584 qui
2338 505 2671 565 invenisset

313 612 529 655 novam
574 594 965 673 voluptatem:
1021 614 1137 674 qua
1181 597 1311 674 ipsa
1357 613 1477 654 non
1525 596 1639 656 fuit
1683 602 2027 675 contentus3
2088 611 2283 673 neque
2331 595 2489 653 enim
2535 610 2664 654 um-

314 701 492 763 quam
539 685 719 744 finem
763 685 1025 754 inveniet
1072 682 1271 744 libido.
1362 683 1484 744 Nos
1530 683 1741 743 vellem
1778 684 2040 768 praemio
2079 681 2297 743 elicere
2334 699 2671 766 possemuS‚

251 826 291 891 8
315 774 419 852 qui

222 906 289 954 21

465 771 638 833 nohis
684 772 904 853 aliquid
951 772 1266 854 attulisset,
1312 790 1430 851 quo
1476 771 1590 832 hoc
1636 772 1868 832 firmius
1914 770 2314 832 crederemus

489 864 561 923 A.
599 860 822 922 Vellem
869 863 929 924 id
977 860 1236 943 quidem,
1282 861 1387 922 sed
1433 859 1623 922 haheo
1669 860 1911 941 paulum
1949 860 2108 939 quod
2147 861 2464 941 requiram.
2536 859 2675 940 Ego

312 951 472 1011 enim
532 950 833 1012 adsentior
894 969 1131 1032 eorum,
1192 968 1344 1030 quae
1403 952 1684 1031 posuisti,
1744 949 1998 1010 alterum
2057 949 2229 1011 alteri
2288 967 2668 1029 consequens

312 1056 472 1119 esse,
538 1048 607 1101 ut
661 1058 839 1118 quem
895 1040 967 1100 ad
1026 1038 1295 1121 modum,
1355 1041 1406 1100 si
1463 1038 1621 1118 quod
1675 1037 1993 1099 honestum
2052 1040 2156 1120 sit,
2219 1037 2279 1098 id
2337 1037 2531 1099 solum
2587 1039 2671 1098 sit

310 1126 555 1210 honum,
604 1138 889 1207 sequatur
935 1131 1114 1189 vitam
1161 1128 1395 1189 beatam
1440 1129 1660 1188 virtute
1709 1128 1939 1207 confici,
1986 1128 2073 1187 sic
2121 1129 2172 1186 si
2217 1127 2338 1187 vita
2379 1126 2555 1187 beata
2598 1128 2667 1188 in

309 1218 532 1277 virtute
599 1220 705 1299 sit,
777 1218 924 1279 nihil
989 1236 1121 1278 esse
1187 1219 1304 1278 nisi
1367 1219 1673 1278 virtutem
1715 1215 1956 1276 honum.
2058 1215 2175 1275 Sed
2239 1215 2461 1277 Brutus
2521 1223 2668 1277 tuus

311 1312 555 1367 auctore
600 1304 798 1367 Aristo
855 1315 914 1368 et
958 1305 1251 1367 Antiocho
1309 1324 1429 1367 non
1488 1306 1672 1366 sentit
1716 1304 1861 1385 hoc3
1921 1310 2090 1385 putat
2146 1307 2332 1385 enim,
2389 1308 2567 1365 etiam
2614 1306 2671 1365 si

312 1396 389 1454 sit
433 1393 658 1455 bonum
704 1394 939 1474 aliquod
986 1403 1226 1475 praeter
1272 1396 1573 1456 virtutem.
1661 1395 1746 1455 M.
1786 1394 1940 1466 Quid
1988 1389 2215 1472 igitur?
2261 1401 2471 1454 contra
2516 1393 2671 1455 Bru·

308 1492 516 1543 tumne
572 1501 667 1543 me
725 1483 1024 1545 dicturum
1079 1481 1299 1565 putas?
1390 1486 1459 1545 Α.
1507 1483 1600 1544 Tu
1645 1501 1816 1565 vere,
1869 1492 1940 1544 ut
1982 1482 2247 1564 videtur3
2306 1501 2444 1543 nam
2499 1500 2673 1563 prae-

222 1588 290 1637 22
312 1571 485 1632 finire
541 1590 661 1632 non
717 1580 809 1633 est
863 1592 1079 1635 meum.
1175 1573 1260 1635 Μ.
1309 1573 1465 1645 Quid
1521 1574 1738 1654 cuique
1802 1574 1985 1652 igitur
2047 1579 2518 1633 consentaneum
2574 1574 2675 1654 sit,

312 1660 426 1720 alio
473 1659 622 1722 loco.
712 1661 860 1721 Nam
914 1664 1028 1723 ista
1083 1662 1230 1722 mihi
1286 1670 1348 1723 et
1402 1680 1539 1722 cum
1584 1660 1877 1722 Antiocho
1937 1678 2113 1741 saepe
2169 1670 2231 1721 et
2286 1679 2422 1721 cum
2470 1661 2674 1721 Aristo

312 1767 524 1829 nuper,
572 1767 709 1810 cum
748 1749 992 1811 Athenis
1039 1753 1363 1831 imperator
1410 1750 1566 1830 apud
1614 1768 1753 1811 eum
1790 1749 2154 1830 deversarer,
2202 1749 2497 1811 dissensio
2539 1750 2673 1811 fuit.

311 1836 455 1897 Mihi
518 1839 676 1898 enim
736 1857 856 1898 non
918 1838 1230 1900 videbatur
1290 1842 1605 1919 quisquam
1669 1857 1800 1899 esse
1864 1837 2076 1899 heatus
2134 1856 2338 1921 posse,
2403 1857 2542 1900 cum
2605 1840 2673 1899 in

312 1926 482 1986 malis
530 1934 716 2008 esset3
771 1929 833 1987 in
891 1927 1062 1988 malis
1120 1936 1319 1989 autem
1374 1929 1703 2008 sapientem
1760 1945 1891 1989 esse
1945 1946 2150 2009 posse,
2204 1929 2271 1989 sis
2303 1936 2508 1989 essent
2551 1927 2674 1988 ulla

311 2132 436 2187 eine
467 2131 803 2205 Belohnung
830 2135 1147 2203 versprach‚
1188 2134 1287 2188 der
1314 2134 1434 2189 ihm

310 2203 404 2259 ein
436 2220 609 2258 neues
648 2204 949 2259 sinnliches
976 2204 1314 2276 Vergniigen
1353 2222 1433 2260 er-

308 2274 446 2330 fand
460 2317 473 2344 ,
530 2291 649 2330 was
692 2275 794 2330 ihu
843 2275 986 2331 doch
1030 2277 1190 2332 nieht
1235 2275 1434 2347 glfick-

308 2345 427 2401 lich
462 2347 701 2402 macheu
733 2348 962 2414 koxmte,
1000 2348 1107 2403 wie
1132 2349 1249 2403 viel
1274 2348 1434 2403 mehr

310 2422 541 2472 miissen
576 2419 679 2472 wir
714 2419 803 2473 die
852 2420 1144 2487 schamen,
1192 2419 1283 2474 die
1328 2437 1432 2474 uns

311 2487 401 2544 die
445 2475 854 2559 Uberzeugung
905 2491 1111 2560 geben,
1167 2489 1289 2544 dass
1341 2489 1433 2545 die

311 2559 550 2631 Tugend
587 2578 683 2614 zur
720 2559 1166 2631 Gh'ickseligkeit
1199 2563 1433 2631 genfigt‚

312 2629 411 2685 das
452 2631 872 2687 Glficklichsein
919 2631 1126 2687 mithin
1170 2632 1230 2686 in
1270 2649 1434 2687 unse-

309 2717 401 2755 rer
426 2702 623 2757 Macht
658 2703 827 2759 steht.
900 2720 1032 2758 nam
1058 2703 1283 2759 bezieht
1313 2702 1435 2758 sich

309 2773 431 2827 also
481 2774 643 2829 nicht
692 2773 910 2828 sowohl
970 2773 1072 2829 auf
1121 2774 1232 2829 den
1286 2774 1433 2843 Satz,

310 2844 488 2899 werin
526 2861 585 2899 es
624 2845 792 2912 steht,
831 2845 916 2899 als
953 2845 1055 2900 auf
1076 2845 1186 2899 den
1259 2863 1436 2901 anzen

310 2914 587 2983 Komplex
623 2915 723 2969 der
743 2915 908 2970 Satze
944 2915 1032 2971 bis
1060 2934 1186 2970 zum
1254 2915 1434 2973 chlufs

311 2985 407 3040 des
445 2985 718 3056 Kapitels‚
757 3004 797 3040 s.
836 3005 881 3042 z.
921 2991 951 3052 5
993 2993 1039 3041 7.

385 3056 614 3111 Xerxes.
634 3057 855 3111 Andere
875 3057 1132 3112 erzahlen
1148 3058 1238 3113 die
1251 3057 1432 3113 Anek-

311 3127 443 3182 dote
459 3143 572 3181 von
580 3127 784 3182 Darius
799 3126 1190 3183 Codomannus
1208 3127 1430 3200 (Athen.

309 3198 415 3252 XII
442 3216 495 3267 p.
520 3200 661 3267 539),
693 3200 827 3254 oder
844 3215 955 3254 von
986 3199 1093 3254 den
1112 3200 1434 3269 persischeu

309 3269 568 3339 Konigen
614 3269 947 3340 uberhaupt.
1022 3270 1193 3325 Diese
1234 3271 1435 3326 hatten

309 3341 559 3395 nstmlich
630 3341 937 3396 besondere
1015 3344 1432 3412 καινοποιηταί,

309 3412 522 3466 welche
567 3411 660 3467 die
706 3412 964 3482 Aufgabe
1008 3413 1235 3482 hatten,
1289 3429 1432 3468 neue

310 3481 546 3551 Speisen
601 3501 669 3536 zu
725 3484 986 3538 erfinden.
1069 3482 1271 3540 Athen.
1327 3483 1433 3538 XII

309 3570 364 3622 p.
397 3558 499 3607 515
529 3553 582 3608 b.
622 3553 700 3608 IV
736 3572 789 3624 p.
824 3560 942 3609 144.

375 3625 647 3693 praemiis
683 3656 749 3665 -
791 3627 1073 3692 fortunae.-
1121 3628 1434 3696 praemium

312 3695 467 3749 steht
501 3694 625 3748 hier
657 3695 738 3748 im
767 3695 1140 3767 allgemeinen
1170 3697 1338 3754 Sinne
1363 3724 1431 3745 --

310 3767 672 3833 commodwm,
721 3767 940 3825 donum.
1014 3770 1172 3824 Lucr.
1211 3771 1291 3830 III
1328 3775 1432 3825 956

311 3839 498 3893 omnia
559 3838 892 3907 perfunctus
970 3841 1112 3894 vitai
1178 3843 1434 3910 praemia

309 3925 528 3965 marces.
1013 3960 1016 3965 .

383 3980 524 4050 Kap.
565 3979 622 4036 8.
688 3986 774 4037 21.
811 3985 876 4035 ut
911 3997 1068 4051 quem
1104 3982 1178 4036 ad
1212 3983 1432 4037 modum

309 4051 361 4105 si
386 4052 558 4121 quod:
588 4052 728 4106 iiber
755 4051 845 4107 die
863 4051 1132 4122 Haufung
1158 4052 1258 4106 der
1279 4051 1429 4107 Kon-

304 4120 642 4192 junktionen
698 4140 740 4176 s.
796 4142 842 4177 z.
897 4124 952 4178 II
1006 4128 1099 4192 25,
1157 4129 1227 4179 60
1287 4124 1433 4195 Quia

307 4194 360 4248 si
395 4209 533 4248 cum.

379 4265 479 4329 sic,
513 4263 683 4317 nami.
719 4271 996 4334 sequatur.

378 4336 608 4390 Aristus
642 4352 760 4390 war
796 4336 894 4390 der
927 4336 1143 4393 Bmder
1179 4337 1277 4393 des
1314 4339 1427 4393 An-

1543 2134 1763 2189 tiochus
1800 2134 1916 2188 und
1963 2133 2129 2189 stand
2173 2133 2281 2188 mit
2324 2134 2535 2190 diesem
2572 2133 2684 2188 auf

1543 2205 1824 2275 gleichem
1852 2204 2262 2275 Standpunkte.
2316 2205 2522 2259 Brutus
2548 2222 2676 2259 war

1544 2276 1667 2332 sein
1704 2275 1939 2332 Schiiler
1984 2277 2100 2331 und
2137 2275 2504 2346 &etsi-eund,
2551 2276 2701 2331 Cim·

1541 2347 1651 2402 mit
1680 2348 1804 2402 ihm
1837 2348 2199 2415 befreundet,
2233 2366 2275 2403 s.
2313 2347 2467 2405 Einl.
2498 2354 2533 2415 ξῚ
2569 2353 2636 2402 4.·

1613 2419 1942 2485 Antiochus,
1980 2437 2021 2474 s.
2061 2438 2106 2475 z.
2145 2419 2224 2472 III
2260 2424 2348 2485 25,
2388 2424 2473 2479 59.

1605 2495 1802 2559 putat,
1845 2489 2015 2545 ntiml.
2052 2492 2257 2557 virtute
2301 2488 2498 2558 confici
2542 2491 2672 2546 bea-

1542 2566 1657 2616 tam
1691 2562 1877 2616 vitam.

1605 2633 1912 2702 praefinire
1962 2649 2078 2687 non
2137 2637 2214 2687 est
2264 2649 2467 2688 meum:
2531 2632 2673 2689 Dies

1542 2705 1671 2773 sagi
1706 2707 1776 2758 A.
1807 2703 1915 2758 mit
1940 2703 2130 2774 Bezug
2158 2704 2261 2759 auf
2283 2703 2375 2759 die
2404 2704 2672 2760 Zurecht—

1542 2774 1812 2844 weisung‚
1851 2775 1940 2830 die
1979 2791 2040 2829 er
2076 2781 2106 2841 ξ
2138 2780 2202 2829 18
2243 2775 2500 2831 erhslten
2536 2776 2672 2831 hats

1543 2848 1644 2900 etsi
1692 2847 1948 2915 iniquum
1993 2852 2071 2901 est
2105 2848 2482 2915 praescribere
2530 2849 2675 2903 mihi

1543 2921 1593 2971 te
1629 2919 1735 2971 cet.

1613 2993 1698 3041 22.
1737 3004 1859 3043 cum
1895 2988 2183 3044 Antiocho,
2249 2988 2350 3043 Als
2391 2988 2526 3057 sich,
2550 2988 2669 3047 Cic.

1541 3056 1725 3112 seiner
1788 3057 2025 3114 Studien
2085 3059 2285 3114 halber
2351 3059 2412 3115 in
2473 3059 2670 3118 Athen

1540 3129 1799 3198 aufhielt,
1839 3135 1906 3184 79
1944 3148 1996 3186 v.
2037 3129 2161 3188 Chr.
2277 3158 2283 3167 ·

1611 3202 1924 3270 imperator.
2011 3201 2174 3256 Nach
2231 3201 2412 3257 einen
2469 3202 2673 3272 glfick-

1540 3271 1730 3326 lichen
1774 3271 1998 3327 Treffen
2043 3289 2234 3355 -gegen
2291 3272 2381 3328 die
2426 3273 2672 3330 Parther

1540 3342 1633 3398 bei
1668 3342 1816 3397 Issus
1852 3360 1970 3398 war
2009 3343 2121 3399 Cic.
2158 3359 2274 3398 von
2321 3344 2432 3400 den
2468 3345 2674 3401 Solda-

1541 3415 1639 3468 ten
1701 3413 1788 3469 als
1852 3416 2151 3484 imperator
2213 3415 2481 3486 begri'il'st.
2564 3416 2673 3473 Bei

1542 3485 1725 3539 seiner
1768 3485 2076 3541 Riickkehr
2130 3503 2231 3541 aus
2281 3487 2381 3541 der
2424 3486 2672 3544 Provinz

1542 3560 1611 3611 50
1646 3575 1699 3612 v.
1739 3555 1865 3612 chr.
1903 3558 2104 3613 kehrte
2152 3574 2213 3612 er
2254 3557 2314 3612 in
2349 3558 2537 3613 Athen
2571 3558 2672 3614 bei

1542 3627 1761 3682 Aristus
1806 3628 1912 3683 ein.
1991 3628 2043 3684 S.
2081 3630 2236 3684 Brut.
2275 3635 2362 3698 97,
2398 3635 2521 3684 332.

1611 3701 1934 3770 sapientem.-
1996 3701 2137 3755 fiber
2200 3701 2309 3754 deu
2361 3702 2672 3756 Accusativ

1543 3786 1584 3824 s.
1623 3789 1669 3824 z.
1709 3778 1758 3837 5,
1800 3776 1884 3825 12.
1961 3771 2030 3826 de
2078 3787 2157 3826 or.
2195 3770 2249 3824 II
2296 3776 2389 3839 74,
2438 3776 2543 3825 299
2589 3773 2674 3827 ad

1545 3840 1947 3896 Themistoclem
1970 3844 2197 3912 quidam
2224 3843 2461 3897 doctus
2483 3843 2675 3899 homo

1541 3941 1609 3951 —
1666 3914 1949 3968 accessisse
2011 3915 2219 3970 dicitur
2280 3913 2434 3983 eique
2496 3918 2673 3969 artem

1539 3986 1831 4039 memoriae.
1863 4015 1931 4025 ·-—
1961 3986 2247 4054 pollicitus
2292 4000 2402 4039 esse
2445 3999 2501 4039 se
2548 3990 2669 4040 tra-

1541 4054 1820 4121 diturum;
1857 4071 1979 4110 cum
2016 4057 2110 4111 ille
2146 4057 2465 4126 quaesisset,
2504 4057 2671 4127 quid-

1539 4141 1671 4180 nam
1706 4128 1809 4181 illa
1846 4143 1941 4182 ars
1976 4128 2185 4196 efficere
2211 4131 2422 4197 posset,
2457 4129 2670 4184 dimisse

1539 4199 1730 4252 illum
1793 4199 2139 4254 doctorem.
2226 4200 2376 4253 Suet.
2438 4197 2567 4254 Oth.
2629 4205 2665 4255 '1

1537 4267 1768 4325 Dicitur
1805 4302 1873 4311 —-
1901 4272 2231 4339 pavefactus
2276 4270 2505 4340 yemim
2545 4287 2668 4326 ma-

1535 4342 1714 4395 oeimos
1762 4343 1993 4398 edidisse
2030 4372 2118 4412 -,
2148 4341 2420 4413 postridie
2455 4357 2673 4412 quoque
