2902 4649
371 156 454 224 76
529 234 536 238 .
1152 159 1227 215 M.
1265 156 1513 214 TULLII
1552 156 1940 213 CICERONIS

367 344 489 387 non
538 328 708 406 quasi
752 332 1066 387 narrantes
1112 326 1490 406 exponimuS,
1546 323 1651 385 sed
1698 324 1925 386 eisdem
1972 324 2099 384 fere
2146 322 2371 404 verbiS,
2418 331 2486 384 ut
2532 329 2741 384 actum

304 461 352 525 4
368 415 853 496 disputatumque
901 423 1010 476 est.

281 540 350 589 10
547 503 656 564 Est
719 506 902 583 igitur
965 501 1404 564 ambulantibus
1470 501 1563 562 ad·
1606 502 1768 563 hunc
1832 501 2074 563 modum
2139 517 2337 562 sermo
2401 500 2501 562 ille
2557 500 2742 561 nobis

369 594 682 654 institutus
738 601 800 653 et
854 610 886 652 a
949 592 1052 654 tali
1115 591 1373 671 quodam
1432 590 1651 652 ductus
1708 591 1980 652 exordio:
2043 591 2115 651 Α.
2170 590 2300 651 Dici
2354 603 2474 650 non
2530 595 2743 670 potest

371 693 546 761 quam
595 682 708 742 sim
752 681 1035 742 hesterna
1092 681 1491 761 disputatione
1549 687 1652 741 tua
1708 675 2038 740 delectatus
2087 678 2177 739 vel
2221 681 2422 759 potius
2469 678 2733 740 adiutus6

369 769 500 831 Etsi
547 772 705 831 enim
752 769 899 830 mihi
953 785 1086 831 sum
1145 770 1422 830 conscius
1478 783 1805 849 numquam
1860 785 1957 829 me
2013 770 2190 829 nimis
2236 769 2390 828 vitae
2445 766 2735 848 cupidum

370 859 583 940 fuisse,
639 866 838 920 tamen
884 858 1185 920 interdum
1232 857 1605 919 obiciebatur
1660 859 1859 918 animo
1914 864 2112 918 metus
2168 856 2406 936 quidam
2454 864 2515 917 ·et
2559 855 2741 917 dolor

371 949 658 1027 cogitanti
703 948 831 1008 fore
880 947 1195 1028 aliquando
1249 948 1428 1008 finem
1483 946 1665 1008 huius
1723 945 1876 1007 lucis
1934 954 1994 1007 et
2039 947 2419 1006 amissionem
2465 947 2736 1007 omnium

370 1038 526 1097 vitae
584 1036 1049 1098 commodorum.
1140 1035 1268 1097 Hoc
1323 1051 1545 1115 genere
1599 1034 1906 1096 molestiae
1963 1036 2078 1116 sic,
2132 1034 2279 1095 mihi
2334 1034 2542 1115 crede,
2597 1051 2737 1095 sum

286 1120 350 1168 11
373 1124 680 1206 liberatus,
728 1133 796 1186 ut
840 1124 989 1185 nihil
1045 1126 1243 1185 minus
1290 1124 1623 1186 curandum
1669 1130 1893 1204 putem.
1986 1124 2070 1185 M.
2116 1123 2358 1184 Minime
2405 1125 2624 1184 mirum
2670 1122 2738 1183 id

233 1209 260 1234 '
376 1214 646 1295 quidem3
690 1231 828 1275 nam
877 1214 1061 1275 efficit
1104 1213 1220 1275 hoc
1264 1212 1664 1294 philosophia:
1712 1212 1987 1275 medetur
2033 1214 2272 1294 animis,
2318 1215 2525 1273 inanes
2571 1210 2733 1272 solli-

374 1302 673 1364 citudines
729 1302 1017 1384 detrahit,
1073 1300 1503 1382 cupiditatibus
1549 1300 1787 1382 liberat,
1842 1300 2010 1382 pellit
2062 1303 2327 1363 timores,
2419 1300 2537 1361 Sed
2584 1299 2738 1362 haec

375 1393 506 1453 eius
553 1393 641 1452 vis
686 1409 809 1452 non
853 1391 1016 1452 idem
1060 1398 1262 1472 potest
1308 1387 1464 1471 apud
1512 1408 1746 1452 omnes:
1792 1399 1920 1451 tum
1956 1389 2111 1451 valet
2146 1390 2419 1471 multum,
2464 1395 2604 1451 cum
2640 1395 2739 1450 est

377 1480 649 1541 idoneam
695 1480 982 1559 conplexa
1036 1488 1328 1542 naturam.
1418 1479 1631 1541 Fortes
1691 1481 1850 1541 enim
1897 1493 2018 1540 non
2063 1478 2239 1540 modo
2285 1479 2523 1541 fortuna
2542 1498 2548 1504 ·
2569 1477 2739 1539 adiu·

371 1579 497 1650 vat,
542 1576 612 1630 ut
658 1576 752 1630 est
795 1571 858 1629 in
905 1576 1111 1630 vetere
1154 1567 1501 1649 proverbio,
1557 1568 1663 1629 sed
1710 1567 1898 1629 multo
1945 1570 2132 1647 magis
2177 1569 2357 1650 ratio,
2404 1585 2555 1647 quae
2604 1569 2735 1647 qui·

372 1657 625 1719 busdam
691 1657 860 1738 quasi
923 1660 1261 1738 praeceptis
1326 1658 1638 1718 confirmat
1701 1659 1819 1717 vim
1885 1656 2270 1718 fortitudinis.
2371 1656 2456 1716 Te
2520 1664 2735 1717 natura

374 1746 676 1808 excelsum
723 1747 1019 1826 quendam
1063 1746 1339 1808 videlicet
1394 1752 1456 1806 et
1510 1744 1693 1807 altum
1752 1752 1814 1807 et
1857 1744 2114 1807 humana
2162 1745 2589 1826 despicientem
2634 1757 2737 1824 ge·

373 1837 533 1915 nuit3
595 1837 796 1914 itaque
857 1835 1028 1896 facile
1091 1838 1152 1896 in
1214 1837 1408 1895 animo
1470 1835 1613 1895 forti
1671 1841 1880 1895 contra
1939 1839 2194 1895 mortem
2253 1832 2452 1895 habita
2512 1833 2739 1896 insedit

374 1925 583 1985 oratio.
676 1923 794 1985 Sed
848 1923 996 1985 haec
1052 1923 1259 1984 eadem
1314 1940 1459 1984 num
1517 1941 1728 1984 censes
1785 1923 1942 2003 apud
1999 1941 2102 1984 eos
2155 1926 2320 2003 ipsos
2364 1922 2559 1983 valere
2617 1924 2732 1983 nisi

374 2011 691 2073 admodum
746 2030 996 2093 paucoS,
1067 2030 1099 2072 a
1156 2010 1375 2091 quibus
1438 2014 1704 2092 inventa,
1767 2012 2091 2092 disputata,
2154 2012 2495 2091 conscripta
2548 2007 2739 2073 sunt?

374 2099 607 2171 Quotus
654 2103 815 2163 enim
863 2103 1118 2181 quisque
1154 2099 1645 2181 philosophorum
1682 2103 2002 2181 invenitur,
2048 2102 2153 2179 qui
2198 2098 2278 2161 'sit
2323 2102 2404 2161 ita
2449 2108 2738 2180 moratuS,

377 2192 457 2250 ita
513 2191 707 2251 animo
765 2209 832 2251 ac
888 2192 1006 2251 vita
1063 2191 1455 2269 constitutuS‚
1515 2196 1583 2250 ut
1635 2192 1787 2250 ratio
1841 2185 2145 2269 postulat?
2209 2191 2314 2268 qui
2358 2188 2735 2268 disciplinam

377 2296 546 2341 suam
592 2296 713 2341 non
761 2281 1221 2341 ostentationem
1268 2279 1570 2359 scientiae,
1618 2277 1722 2340 sed
1768 2278 1962 2359 legem
2006 2280 2159 2340 vitae
2207 2275 2421 2358 putet?
2479 2281 2584 2359 qui
2630 2276 2731 2339 ob-

288 2381 357 2430 12
382 2376 675 2447 temperet
719 2370 848 2448 ipse
896 2366 1011 2429 sibi
1058 2374 1118 2428 et
1162 2367 1422 2428 decretis
1468 2368 1595 2429 suis
1638 2364 1888 2448 pareat?
1958 2367 2173 2429 Videre
2210 2368 2351 2429 licet
2385 2368 2533 2429 alios
2569 2374 2735 2429 tanta

379 2456 614 2517 levitate
660 2465 722 2517 et
766 2459 1102 2537 iactatione,
1148 2463 1217 2516 ut
1260 2458 1334 2517 iis
1379 2456 1565 2517 fuerit
1608 2474 1728 2517 non
1766 2456 2045 2518 didicisse
2083 2456 2323 2539 melius3
2369 2457 2516 2518 alios
2550 2474 2735 2536 pecu·

377 2547 509 2605 niae
557 2545 824 2626 cupidos,
871 2545 1092 2625 gloriae
1141 2562 1260 2605 non
1308 2544 1531 2626 nullm,
1577 2544 1797 2606 multos
1842 2545 2154 2607 libidinum
2202 2564 2407 2607 servos
2416 2594 2434 2626 ‚
2480 2553 2549 2607 ut
2594 2563 2736 2606 cum
2874 2540 2875 2621 l

377 2651 587 2694 eorum
631 2636 751 2695 vita
799 2632 1152 2695 mirabiliter
1195 2640 1423 2713 pugnet
1468 2636 1674 2695 oratio.
1766 2633 1938 2705 Quod
2001 2635 2243 2714 quidem
2298 2634 2444 2695 mihi
2498 2632 2737 2696 videtur

375 2742 508 2784 esse
574 2725 1006 2804 turpissimum.
1097 2720 1178 2784 Ut
1242 2723 1402 2783 enim
1467 2725 1522 2783 si
1575 2725 2025 2803 grammaticum
2089 2742 2154 2784 se
2208 2724 2517 2804 professus
2572 2724 2739 2803 quis·

373 2910 552 2965 hoher
587 2910 857 2981 gelegene
894 2912 1106 2987 uagante
1143 2927 1204 2966 er
1238 2911 1499 2983 Lyceum,
1607 2912 1702 2965 aad
1734 2911 1873 2966 miM
1905 2913 2116 2981 aunopai
2150 2912 2250 2968 hoc
2280 2913 2394 2967 loco
2420 2913 2737 2968 doctr-inam

375 2981 477 3036 das
522 2981 751 3036 niedere
796 2983 1127 3049 Academia,
1186 2982 1364 3036 daher
1407 2983 1497 3036 de-
1607 2983 1890 3051 quandam
1924 2984 2214 3038 iuventuti.

373 3053 680 3107 scandimus
715 3053 809 3121 (de
845 3052 956 3108 div.
987 3053 1012 3107 I
1041 3058 1092 3120 5,
1123 3054 1196 3122 8).
1258 3052 1367 3107 Ein
1402 3054 1500 3107 be-
1684 3059 1765 3107 11.
1831 3054 2074 3109 medetur
2135 3055 2342 3109 animis
2407 3055 2513 3111 cet.
2597 3055 2735 3109 Man

375 3120 610 3178 deckter
645 3122 809 3193 Gang
855 3124 960 3178 mit,
997 3124 1335 3179 Ruhesitzen
1348 3166 1362 3191 ‚
1401 3120 1503 3178 der
1605 3124 1848 3179 beaohte
1884 3125 1995 3180 den
2012 3125 2339 3180 Ubiasmus.

376 3192 500 3250 eine
545 3193 876 3249 Bibliothek
921 3194 1187 3263 enthielt‚
1244 3196 1498 3250 schiltzte
1678 3197 1945 3251 excelsum
1998 3198 2296 3266 quendam.-
2355 3197 2585 3266 quidam
2636 3197 2737 3252 be⁶

374 3265 629 3335 zugleich
659 3281 845 3336 gegen
867 3266 969 3320 das
988 3265 1213 3321 Wetter
1236 3266 1351 3320 und
1380 3282 1502 3320 war
1608 3265 1868 3322 zeichnet
1902 3267 2186 3323 entweder
2220 3268 2330 3322 den
2365 3267 2734 3323 uubeaffimm·

372 3337 481 3391 mit
512 3337 777 3406 Statuen,
817 3336 1130 3392 Gemalden
1159 3337 1275 3391 und
1312 3336 1500 3391 ausser
1604 3338 1703 3392 ten
1730 3337 2034 3393 Einzelnen
2072 3339 2210 3394 oder
2244 3340 2343 3393 das
2377 3339 2741 3409 Allgemeine

372 3406 976 3463 anderenBildwerken
987 3409 1095 3463 mit
1106 3407 1290 3463 einem
1300 3407 1498 3462 kfinst-
1605 3408 1686 3462 im
1725 3407 2037 3479 Gegenaatz
2081 3428 2147 3464 zu
2193 3409 2322 3465 dem
2370 3410 2735 3466 bestimmten
2868 3442 2869 3449 κ

371 3478 561 3533 lichen
603 3478 1062 3534 Brunnendeckel
1107 3479 1495 3550 gesehmflckt.
1605 3479 1927 3537 Einzelnen.
2010 3481 2170 3535 Auch
2232 3480 2327 3535 bei
2388 3480 2737 3551 Adjektiven

444 3565 559 3604 ‘non
593 3551 756 3619 quasi
788 3554 1102 3618 narrantes,
1140 3567 1182 3607 a.
1221 3551 1246 3605 I
1283 3556 1334 3620 4,
1370 3554 1421 3605 8.
1603 3549 1937 3606 bezeichnet
1997 3568 2056 3606 es
2119 3549 2380 3620 deshalb‚
2451 3551 2575 3607 dass
2636 3553 2745 3608 der

445 3619 586 3702 Καρ.
624 3619 683 3703 4..
735 3627 817 3676 10.
856 3622 1101 3688 adiutus,
1142 3621 1497 3705 ‘geffirdert’‚
1605 3621 1822 3747 Beffriff
1851 3621 1911 3677 in
1939 3622 2124 3678 seiner
2151 3623 2591 3693 Allgemeinheit
2617 3624 2739 3678 und

372 3690 622 3745 nffimllch
657 3708 716 3746 m
755 3691 854 3745 der
889 3691 1243 3747 Erkenntms.
1604 3693 1692 3748 Vo
1718 3693 2093 3763 lstfindigkeit
2138 3711 2207 3749 zu
2251 3694 2438 3749 fassen
2486 3693 2579 3751 ist.
2652 3694 2735 3749 IV

447 3763 716 3831 coyitanti
748 3761 827 3816 iat
868 3762 1029 3817 nicht
1064 3762 1171 3817 mit
1206 3765 1393 3819 animo
1430 3781 1499 3817 zu
1610 3768 1706 3831 28,
1753 3769 1820 3818 61
1876 3770 2210 3820 communiam
2263 3766 2408 3819 enim
2459 3766 2739 3835 quendam

372 3833 699 3900 vex-hindam
739 3833 981 3887 sondern
1020 3833 1127 3888 mit
1161 3834 1502 3890 obiciebatur
1607 3837 1882 3902 volumus,
1918 3837 2164 3891 sedatum
2177 3878 2196 3904 ,
2233 3852 2467 3905 gravem.
2544 3837 2616 3892 de
2652 3853 2737 3894 or.

367 3903 454 3958 'ist
488 3903 581 3958 ein
617 3903 916 3974 doppelter
946 3903 1120 3959 Dativ
1154 3905 1500 3974 verbunden,
1607 3906 1633 3959 I
1671 3911 1741 3961 50
1756 3949 1770 3974 ‚
1817 3912 1923 3961 218
1990 3907 2200 3963 Fateor
2263 3909 2407 3962 enim
2469 3908 2750 3970 callidum

378 3974 483 4029 wie
521 3973 676 4030 Verr.
719 3975 768 4028 V
807 3981 891 4039 63,
934 3980 1037 4029 163
1084 3978 1260 4031 statui
1302 3983 1503 4046 eyomet
1612 3978 1887 4047 quendam
1930 3979 2078 4033 hunc
2125 3984 2177 4034 et
2210 3979 2373 4033 nulla
2407 3980 2472 4033 in
2508 3994 2569 4034 re
2601 3980 2749 4035 tiro-

372 4045 511 4100 mihi
554 4050 672 4099 tum
717 4047 936 4101 modum
985 4051 1037 4101 et
1072 4048 1317 4102 orationi
1352 4064 1501 4102 meae
1610 4065 1731 4103 nem
1778 4064 1846 4103 ac
1891 4051 2083 4105 rudem
2119 4078 2185 4089 ——
2225 4065 2335 4104 ease
2376 4050 2579 4106 debere.
2652 4049 2747 4105 lb.
2864 4064 2865 4085 ³

372 4121 426 4171 et
479 4115 538 4171 0.
577 4115 899 4172 Numitorio
945 4147 1011 4160 ·-
1064 4120 1189 4172 testi·
1241 4134 1367 4174 meo.
1443 4120 1497 4175 d.
1609 4120 1662 4173 II
1701 4125 1789 4188 ⁷4,
1829 4126 1934 4176 299
1980 4127 2046 4175 ui
2090 4121 2244 4191 apud
2281 4121 2522 4177 Graecos
2555 4123 2751 4189 fen-tr
2864 4130 2865 4159 ³

373 4187 507 4257 imp.
547 4187 617 4271 ,R
655 4192 751 4258 24,
805 4193 874 4244 ’10
928 4203 1035 4259 quo
1088 4189 1225 4243 mihi
1275 4220 1343 4231 —
1400 4196 1502 4245 aut
1610 4192 1931 4246 incredibili
1946 4193 2188 4263 quadam
2209 4193 2597 4262 mayniiwdine
2612 4206 2741 4249 con-
2864 4174 2865 4215 ¹

369 4259 659 4328 praesidia
703 4260 975 4329 periculis
1027 4266 1130 4316 mot
1179 4261 1500 4317 adiumenta
1607 4263 1727 4318 sitii
1768 4293 1830 4302 —
1867 4264 2042 4329 fuisse
2084 4264 2474 4319 Themistoclea.
2862 4276 2863 4325 ξ

371 4330 672 4387 honoribus
697 4347 973 4400 quaeram.
1036 4349 1093 4402 p.
1111 4331 1254 4387 Sest.
1277 4338 1366 4401 56,
1396 4338 1498 4388 119
1680 4335 1901 4403 insedit,
1943 4334 2121 4391 ‘blieb
2158 4334 2401 4391 hasten'.
2456 4336 2538 4390 IV
2560 4338 2646 4406 10,
2667 4340 2747 4389 24
2862 4342 2863 4411 Q
