2902 4649
213 625 283 674 26

211 1395 280 1445 27

308 140 390 206 18
1088 142 1165 197 Μ.
1205 141 1450 196 TULLII
1488 141 1876 197 CICERONIS

220 375 226 382 ,
306 310 614 371 cessimus.
708 308 793 369 M.
843 308 973 379 Quo
1021 309 1195 369 modo
1241 310 1426 388 igitur
1474 317 1579 370 aut
1624 327 1733 370 cur
1781 315 2038 370 mortem
2074 309 2293 370 malum
2334 308 2443 370 tibi
2480 309 2673 371 videri

306 399 485 480 dicis,
549 416 702 477 quae
766 406 870 459 aut
936 397 1139 458 beatos
1201 416 1313 459 nos
1378 399 1598 459 efficiet
1662 400 1875 459 animis
1939 398 2318 467 manentibus
2382 407 2486 460 aut
2547 417 2670 460 non

307 490 558 548 miseros
605 506 788 549 sensu
835 483 1150 548 carentes?

482 577 553 637 A.
600 576 890 655 Expone
953 578 1165 657 igitur,
1229 577 1347 636 nisi
1399 575 1717 636 molestum
1776 584 1893 658 est,
1958 579 2299 657 primum,
2364 579 2415 638 si
2478 586 2671 660 potes,

303 667 581 726 animos
645 684 1019 726 remanere
1079 673 1241 744 post
1301 673 1627 746 mortem,
1689 673 1864 747 tum,
1934 668 1994 725 si
2052 668 2287 727 minus
2348 666 2418 727 id
2479 666 2669 727 obti-

301 754 509 816 nebis
567 788 652 798 —-
710 763 803 816 est
857 748 1017 815 enim
1073 754 1327 815 arduum
1389 787 1495 835 —,
1563 753 1865 815 docebis
1928 773 2179 816 carere
2242 757 2430 816 omni
2487 755 2669 816 malo

301 853 618 906 mortem.
711 843 837 923 Ego
895 845 1054 904 enim
1110 845 1267 904 istuc
1322 845 1521 923 ipsum
1566 861 1780 903 vereor
1824 861 1901 904 ne
1950 843 2167 904 malum
2215 846 2320 925 sit,
2367 862 2485 905 non
2532 843 2668 905 dico

302 951 510 994 carere
556 951 758 1014 sensu,
806 932 911 993 sed
959 932 1282 994 carendum
1331 951 1483 992 esse.
1566 933 1651 992 M.
1700 932 2063 993 Auctoribus
2102 932 2342 1011 quidem
2381 932 2451 994 ad
2490 935 2668 994 istam

304 1024 680 1105 sententiam,
727 1039 904 1100 quam
950 1023 1041 1082 vis
1088 1021 1364 1101 obtineri,
1408 1024 1501 1082 uti
1548 1022 1788 1099 optimis
1834 1039 2174 1102 possumuS,
2227 1021 2387 1101 quod
2432 1023 2495 1082 in
2543 1040 2669 1083 om·

302 1111 482 1172 nibus
529 1113 726 1173 causis
774 1120 835 1172 et
880 1109 1057 1172 debet
1104 1118 1166 1171 et
1211 1110 1365 1171 solet
1400 1109 1599 1170 valere
1636 1109 1980 1191 plurimum,
2029 1118 2089 1171 et
2123 1112 2387 1189 primum
2424 1110 2669 1189 quidem

302 1203 465 1261 omni
511 1202 893 1281 antiquitate,
954 1218 1105 1278 quae
1162 1217 1281 1278 quo
1327 1201 1576 1279 propius
1624 1198 1829 1259 aberat
1875 1198 1947 1259 ab
1995 1207 2131 1260 ortu
2181 1207 2243 1259 et
2287 1199 2483 1260 divina
2529 1215 2669 1278 pro-

301 1291 493 1370 genie,
538 1289 654 1350 hoc
701 1288 914 1350 melius
961 1308 1030 1349 ea
1076 1289 1349 1369 fortasse,
1396 1306 1548 1367 quae
1596 1296 1769 1349 erant
1813 1307 1970 1368 vera,
2017 1287 2316 1348 cernebat.

479 1377 683 1457 Itaque
713 1396 903 1439 unum
929 1377 1074 1439 illud
1114 1385 1242 1438 erat
1277 1379 1526 1437 insitum
1561 1379 1775 1456 priscis
1813 1377 1947 1458 illis,
1980 1395 2131 1456 quos
2169 1395 2375 1437 cascos
2412 1376 2669 1456 appellat

301 1467 552 1548 EnniuS,
597 1485 730 1527 esse
776 1468 839 1526 in
885 1475 1079 1528 morte
1127 1484 1368 1527 sensum
1414 1484 1610 1545 neque
1649 1484 1900 1527 excessu
1937 1469 2089 1526 vitae
2130 1468 2215 1526 sic
2253 1465 2442 1526 deleri
2476 1466 2666 1526 homi-

301 1575 468 1637 nem,
526 1564 594 1617 ut
649 1555 920 1617 funditus
973 1557 1276 1636 interiret3
1331 1554 1513 1634 idque
1572 1573 1709 1615 cum
1763 1554 1968 1617 multis
2015 1554 2143 1615 aliis
2191 1554 2400 1636 rebuS,
2454 1563 2583 1616 tum
2631 1573 2671 1616 e

300 1646 606 1726 pontificio
652 1647 785 1705 iure
833 1653 894 1706 et
949 1663 981 1704 e
1030 1645 1406 1705 caerimoniis
1463 1643 1920 1723 sepulchrorum
1974 1642 2238 1722 intellegi
2293 1642 2460 1724 licet,
2516 1662 2665 1723 quas

303 1736 595 1795 maxumis
649 1736 907 1813 ingeniis
961 1734 1216 1813 praediti
1274 1751 1386 1793 nec
1445 1741 1608 1794 tanta
1666 1751 1808 1793 cura
1869 1733 2197 1794 coluissent
2255 1751 2366 1793 nec
2420 1733 2665 1793 violatas

303 1831 423 1884 tam
469 1823 812 1902 inexpiabili
870 1823 1157 1903 religione
1213 1823 1577 1903 sanxissent,
1636 1824 1753 1882 nisi
1798 1822 2074 1882 haereret
2129 1823 2194 1882 in
2241 1839 2451 1882 eorum
2498 1839 2665 1881 men-

308 1911 471 1973 tibus
518 1919 772 1972 mortem
817 1930 940 1973 non
984 1913 1292 1972 interitum
1342 1929 1475 1971 esse
1523 1913 1720 1971 omnia
1767 1909 2073 1971 tollentem
2120 1918 2298 1990 atque
2347 1910 2663 1991 delentem,

306 2000 413 2061 sed
460 2001 755 2081 quandam
803 2003 975 2080 quasi
1020 1994 1432 2080 migrationem
1482 2001 2125 2078 commutationemque
2171 2002 2353 2080 vitae,
2403 2017 2555 2078 quae
2602 2000 2666 2059 in

373 2135 512 2189 quae
540 2124 640 2174 aut
667 2120 848 2174 beatos
875 2120 981 2172 cet.
1047 2118 1151 2172 Die
1182 2116 1424 2172 Schwie·

301 2189 544 2260 rigkeit‚
582 2189 705 2245 dass
743 2190 887 2245 eben
922 2189 983 2243 in
1020 2188 1120 2242 der
1155 2187 1424 2243 Vernich-

301 2262 470 2331 tang,
524 2261 585 2316 111
639 2261 768 2316 dem
814 2260 1106 2315 Aufhoren
1153 2260 1253 2315 der
1297 2259 1425 2313 Exi-

300 2335 454 2388 stenz
501 2333 602 2388 das
650 2332 1045 2388 Schreckliohe
1094 2331 1192 2386 des
1241 2332 1424 2386 Todes

299 2403 456 2475 liegt,
476 2420 641 2459 wenn
670 2420 729 2459 es
757 2404 924 2459 keine
943 2403 1254 2457 Forfflauer
1278 2402 1424 2456 nach

300 2475 431 2529 dem
503 2475 656 2531 Tode
730 2475 912 2545 gicht,
1003 2474 1241 2544 umgeht
1314 2472 1422 2528 Cic.

301 2547 527 2603 wieder.

371 2618 516 2688 Καρ
558 2616 652 2672 12.
710 2623 796 2672 26.
845 2632 1051 2686 expone
1087 2648 1155 2657 —-
1193 2616 1422 2671 docebis,

301 2687 419 2744 Das
446 2690 723 2744 Futurum
760 2688 962 2743 drfickt
998 2687 1122 2742 hier
1150 2688 1425 2742 ebenfalls

302 2759 412 2816 den
475 2760 730 2814 Wunsoh
793 2777 919 2827 aus,
987 2777 1094 2814 nur
1156 2758 1263 2814 mit
1325 2759 1426 2812 der

301 2831 590 2899 grosseren
637 2830 990 2899 Gewil'sheit,
1046 2829 1168 2884 dass
1227 2846 1288 2884 er
1344 2846 1425 2884 et-

302 2903 437 2957 falli:
470 2902 671 2957 werde.

373 2974 526 3028 omni
552 2974 897 3041 antiquitate.
945 2973 1058 3027 Ft'ir
1086 2972 1178 3026 die
1199 2971 1424 3026 Stoiker

302 3045 417 3100 und
456 3044 567 3098 alle
601 3043 1004 3112 Philosophen,
1046 3041 1257 3097 welche
1296 3042 1424 3096 dem

302 3116 893 3243 goensenssslsafggenltiwln
938 3114 1062 3168 eine
1077 3112 1424 3253 (besongerle

303 3264 334 3325 ξ
355 3203 707 3327 &effidem
746 3202 839 3311 ᾶῗὲ
859 3186 1265 3325 Βιῗέἰῐιιιυῃὲἕᾱει·
1283 3202 1422 3310 17ιέ1·-

303 3329 416 3384 zeit
476 3345 589 3384 von
652 3327 897 3398 grossem
962 3326 1218 3382 Gewicht
1285 3326 1420 3382 sein.

302 3402 460 3456 Dazu
523 3400 683 3468 kam,
747 3397 870 3453 dass
923 3397 1254 3479 Posidonius
1308 3398 1424 3451 und

303 3472 476 3526 andre
513 3472 624 3525 den
659 3442 915 3525 fiuhsten
944 3470 1137 3525 Zeiten
1166 3469 1290 3523 eine
1325 3470 1423 3523 be—

306 3543 539 3597 sondere
577 3540 858 3596 Weisheit
894 3542 1084 3611 beileg
1086 3544 1197 3595 ten.
1275 3540 1422 3595 Sext.

303 3613 476 3700 Emp.
519 3612 644 3667 adv.
697 3613 872 3667 math.
924 3611 1002 3665 IX
1054 3619 1122 3666 23
1187 3612 1302 3665 τῶν
1358 3609 1422 3665 δὲ

304 3680 595 3754 νεωτέρων
632 3683 882 3738 στωικῶν
921 3686 1069 3751 φασί
1106 3702 1258 3744 τινες
1293 3679 1425 3744 τοὺς

303 3751 560 3824 πρώτους
604 3753 703 3840 :nod
748 3761 1004 3840 γηγενεῖς
1049 3774 1162 3808 των
1199 3748 1423 3839 ἀνθρω-

304 3846 426 3882 πων
483 3846 629 3881 κατα
685 3830 828 3880 πολυ
883 3845 996 3879 των
1040 3826 1146 3880 νῦν
1188 3819 1426 3895 συνέσει

306 3901 401 3954 δια
406 3893 688 3967 φέροντας
757 3893 1071 3966 γεγονέναι.
1177 3883 1425 3950 Ahnlich

305 3970 482 4025 achon
516 3968 681 4023 Plato
718 3968 862 4024 Phil.
905 3968 1019 4052 ¹5³⁶
1066 3965 1124 4023 οἷ
1208 3965 1270 4022 ὲν
1316 3987 1424 4021 πα·

303 4039 454 4095 λαιοὶ
481 4041 795 4109 κρείττονες
821 4034 981 4110 ἡμῶν
1019 4038 1118 4093 καὶ
1178 4034 1423 4107 γγυτέρω

303 4112 464 4166 θεῶν
501 4109 806 4172 οἰκοῦντες.

377 4184 447 4238 ab
493 4187 620 4237 ortu
665 4183 718 4238 d.
755 4181 790 4237 i.
830 4199 940 4237 von
990 4182 1089 4237 der
1123 4186 1425 4250 urspriing·

305 4254 495 4309 lichen
531 4253 888 4323 Entstehung
923 4255 1022 4309 der
1056 4252 1423 4308 Menschheit.

379 4332 464 4382 27.
502 4342 675 4380 unum
720 4326 864 4382 illud
914 4326 966 4382 d.
1003 4326 1040 4380 i.
1079 4326 1222 4380 illud
1251 4326 1425 4395 potis-

1534 2114 1748 2172 simum.
1821 2116 1950 2170 Wie
2003 2116 2098 2171 bei
2153 2117 2282 2171 dem
2319 2095 2657 2186 Superlativ,

1535 2205 1597 2244 εο
1643 2187 1803 2242 dient
1846 2205 1995 2242 unus
2041 2189 2185 2241 auch
2231 2188 2356 2243 hier
2399 2189 2510 2242 den
2557 2188 2663 2242 Be-

1534 2257 1671 2330 griff
1720 2258 2173 2314 auszuzeichnen.
2250 2260 2304 2316 S.
2342 2259 2394 2313 II
2435 2264 2528 2328 18,
2567 2264 2658 2314 43.

1534 2333 1604 2385 de
1642 2330 1734 2387 off.
1772 2332 1851 2384 III
1891 2338 1941 2399 6,
1978 2337 2049 2386 26
2099 2332 2256 2400 Eryo
2291 2348 2467 2385 unum
2501 2333 2655 2386 debet

1534 2418 1642 2457 esse
1686 2404 1939 2456 omnibus
1976 2403 2340 2471 propositum.
2417 2404 2486 2457 de
2524 2419 2602 2458 or.
2634 2401 2663 2455 Ι

1539 2480 1630 2542 14,
1672 2479 1740 2528 60
1786 2475 1932 2543 quod
1978 2490 2154 2527 wnum
2198 2475 2264 2527 iri
2306 2479 2521 2529 oratore
2566 2474 2666 2528 do-

1532 2546 1793 2600 minatur.

1606 2630 1815 2671 cascos.-
1870 2615 2049 2670 Varro
2097 2615 2166 2670 de
2217 2614 2356 2685 ling.
2407 2616 2505 2672 lat.
2551 2616 2663 2672 VII

1533 2693 1603 2741 28
1652 2687 1883 2741 Cascam
1939 2688 2219 2756 siqnificat
2266 2692 2450 2753 vetas;
2503 2688 2662 2757 oriyo

1533 2758 1778 2825 Sabina,
1827 2775 1967 2827 quae
2002 2774 2180 2827 usque·
2205 2759 2421 2813 radices
2454 2760 2520 2812 in
2560 2758 2659 2812 Os-

1533 2845 1653 2884 cam
1716 2831 1966 2900 linquam
2020 2846 2048 2883 e
2084 2830 2144 2883 it.
2224 2830 2453 2884 Caecum
2507 2834 2665 2884 vetus·

1533 2916 1641 2955 esse
1694 2902 1973 2970 siqnifiicat
2085 2902 2283 2967 omine,
2346 2902 2492 2970 quod
2546 2902 2659 2956 ait.-

1532 2971 1705 3095 ssuem
1759 2971 1941 3040 prisci
1994 2973 2140 3026 casei
2185 2972 2389 3041 populi
2440 2977 2662 3026 tenuere

1586 3044 1749 3098 atini.

1604 3129 1821 3168 excessa
1855 3114 2030 3180 vitae,
2067 3113 2118 3168 d.
2157 3113 2194 3168 i.
2233 3130 2262 3168 e
2296 3114 2427 3169 vita.
2496 3113 2658 3171 Caes.

1531 3184 1585 3239 b.
1625 3185 1728 3240 civ
1768 3185 1822 3237 II
1858 3155 2051 3252 32,1’3
2092 3185 2301 3239 Italiae
2335 3186 2543 3254 fuyam.

1602 3257 1935 3324 ineoepiabili
1996 3257 2260 3325 religione
2319 3257 2660 3324 sanxissent,

1536 3327 1663 3381 ‘mit
1727 3327 1912 3381 einem
1983 3328 2380 3381 unsuhnbaren
2442 3326 2656 3382 Fluche

1529 3399 1860 3468 verponen’.
1878 3398 1998 3464 Liv.
2016 3398 2069 3451 X
2087 3403 2261 3465 40,11
2283 3399 2381 3467 qui
2400 3399 2656 3467 auspicio

1533 3471 1702 3535 adest,
1728 3470 1780 3523 si
1806 3470 1940 3538 quid
1966 3469 2102 3535 falsi
2127 3470 2371 3535 nuntiat,
2404 3471 2469 3523 in
2494 3474 2656 3524 semet

1531 3542 1714 3665 {ipsam
1748 3542 2063 3665 reilquiorgegn
2098 3541 2312 3609 recipit.
2369 3539 2499 3609 Vgl.
2540 3538 2658 3595 Cio.

1572 3628 1602 3666 e
1663 3628 1749 3681 eg.
1878 3628 1923 3666 c.
2036 3654 2047 3665 .

1602 3683 1858 3737 haereret.
1910 3682 2023 3736 Das
2043 3682 2353 3752 Imperfekt
2383 3699 2454 3737 an
2476 3682 2658 3738 Stelle

1532 3754 1632 3808 des
1668 3753 2285 3823 Plusquamperfeotum
2329 3754 2410 3808 im
2452 3753 2654 3808 Bedin-

1533 3825 1851 3895 gungsfalle
1898 3826 1996 3879 des
2033 3825 2540 3880 Nichtwirklichen
2575 3824 2655 3880 ist

1530 3895 1879 3966 namentlich
1905 3897 2113 3965 hiiufig,
2142 3911 2301 3950 wenn
2330 3896 2410 3950 im
2438 3895 2652 3965 Haupt·

1533 3967 1692 4021 satze'
1738 3968 1911 4022 sehon
1972 3969 2072 4022 das
2127 3966 2660 4037 Plusquamperfekt

1533 4040 1688 4093 steht:
1720 4039 1835 4092 und
1862 4038 1954 4092 die
1973 4038 2277 4107 Handlung
2303 4039 2402 4093 des
2430 4039 2482 4092 N
2485 4039 2650 4092 eben-

1533 4112 1712 4164 satzes
1750 4109 2108 4178 gleichzeitig
2142 4109 2231 4164 ist.
2272 4108 2325 4164 S.
2355 4110 2436 4162 III
2464 4115 2550 4177 22,
2582 4114 2653 4163 54

1531 4182 1842 4235 mederetwr.

1604 4269 1741 4322 quae
1791 4283 1855 4291 —-
1909 4253 2027 4307 dux
2081 4253 2144 4306 in
2198 4252 2406 4307 caelum
2458 4252 2651 4305 soleret

1533 4340 1668 4390 esse,
1716 4324 1816 4378 das
1861 4323 1955 4377 bei
1998 4323 2333 4378 beriihmten
2378 4323 2658 4377 hia-nuern-
