2902 4649
616 166 1216 224 TUSCULANARUM
1249 167 1859 224 DISPUTATIONUM
1893 170 1960 227 V.
2001 174 2232 226 85-89.
2480 171 2603 235 141

242 354 508 416 quorum
553 343 811 415 uterque
857 335 1231 397 honestatem
1276 337 1362 396 sic
1410 335 1834 418 conplectitur,
1880 344 1950 398 ut
1995 339 2217 418 omnia,
2276 355 2429 418 quae
2476 340 2603 400 sine

242 444 319 488 ea
365 427 514 505 sint,
560 425 733 505 longe
781 433 945 486 retro
989 424 1266 505 ponenda
1312 434 1570 487 censeat.
1660 424 1898 506 Reliqui
1948 425 2170 487 habere
2217 445 2280 487 se
2329 427 2606 489 videntur

237 516 588 595 angustiuS‚
647 521 889 575 enatant
913 522 1165 576 ‘tament
1228 513 1529 594 Epicurus
1538 562 1556 596 ‚
1610 512 2009 595 Hieronymus
2065 523 2126 576 et
2181 517 2234 576 si
2289 517 2393 595 qui
2449 527 2607 598 sunt,

240 605 356 684 qui
400 602 706 665 desertum
750 601 899 664 illud
937 600 1346 665 Carneadeum
1391 611 1609 665 curent
1644 604 1982 666 defendere.
2072 602 2259 665 Nemo
2306 613 2400 666 est
2445 608 2608 667 enim

241 709 460 754 eorum
506 694 652 772 quin
698 690 995 753 bonorum
1040 694 1302 754 animum
1347 700 1521 773 putet
1576 710 1709 754 esse
1764 693 2025 755 iudicem
2080 710 2338 774 eumque
2386 694 2605 755 condo·

240 781 522 862 cefaciat,
578 788 648 843 ut
703 798 798 863 ea,
854 797 1006 860 quae
1062 780 1217 842 bona
1272 781 1496 843 malave
1543 781 1882 863 videantur,
1945 783 2137 862 possit
2200 790 2605 845 contemnere.

240 870 401 931 Nam
447 887 597 949 quae
644 868 755 931 tibi
795 868 1046 950 Epicuri
1080 870 1341 952 videtur,
1387 870 1596 932 eadem
1642 873 1758 933 erit
1793 870 2141 951 Hieronymi
2186 880 2247 933 et
2285 870 2606 934 Carneadis
2626 890 2694 940 88

243 976 430 1021 causa
477 967 538 1020 et
582 958 829 1020 hercule
877 961 1143 1020 omnium
1188 958 1575 1039 reliquorum.
1667 959 1816 1031 Quis
1862 963 2022 1021 enim
2066 978 2279 1040 parum
2326 968 2419 1022 est
2464 978 2605 1022 con·

243 1058 346 1111 tra
402 1057 658 1110 mortem
720 1056 826 1109 aut
888 1047 1154 1110 dolorem
1217 1045 1504 1129 paratus?
1594 1048 1913 1111 Ordiamur
1976 1048 2050 1110 ab
2115 1067 2216 1131 eo,
2279 1050 2331 1110 si
2394 1048 2607 1140 placet,

244 1155 434 1218 quem
478 1136 746 1218 mollem,
791 1155 971 1216 quem
1015 1137 1414 1217 voluptarium
1460 1137 1732 1199 dicimus,

436 1222 638 1298 Quid?
700 1227 754 1286 is
815 1225 928 1287 tibi
989 1234 1322 1287 mortemne
1387 1226 1624 1288 videtur
1687 1235 1791 1289 aut
1853 1226 2119 1287 dolorem
2181 1223 2439 1289 timere?
2504 1229 2607 1307 qui

242 1332 394 1376 eum
447 1315 635 1396 diem,
690 1332 811 1395 quo
866 1317 1147 1398 moritur,
1200 1314 1440 1377 beatum
1496 1316 1778 1398 appellat,
1833 1318 2243 1396 maxumisque
2298 1316 2606 1379 doloribus

243 1404 524 1466 adfectus
580 1422 686 1466 eos
751 1404 915 1484 ipsos
978 1406 1359 1466 inventorum
1422 1423 1671 1467 suorum
1734 1407 2020 1466 memoria
2075 1414 2136 1467 et
2193 1405 2607 1467 recordatione

247 1493 548 1574 confutat,
595 1510 709 1554 nec
753 1491 902 1553 haec
948 1494 1036 1556 sic
1084 1495 1231 1575 agit,
1276 1501 1345 1555 ut
1390 1511 1464 1554 ex
1509 1502 1780 1574 tempore
1828 1496 2000 1574 quasi
2044 1495 2281 1555 effutire
2319 1495 2605 1556 videatur.

246 1582 338 1643 De
395 1590 588 1643 morte
644 1583 806 1643 enim
859 1582 943 1642 ita
997 1584 1208 1661 sentit,
1265 1590 1333 1644 ut
1378 1581 1667 1646 dissoluto
1715 1585 2011 1644 animante
2058 1601 2302 1644 sensum
2350 1585 2606 1645 exstinc-

247 1679 384 1732 tum
446 1678 646 1751 putet,
711 1669 870 1750 quod
935 1680 1136 1733 autem
1200 1689 1383 1733 sensu
1448 1680 1673 1754 careat,
1738 1671 1886 1733 nihil
1948 1670 2020 1733 ad
2085 1689 2193 1733 nos
2259 1671 2320 1732 id
2383 1671 2608 1734 iudicet

249 1761 573 1840 pertinere.
649 1758 814 1821 ‘Item
860 1759 934 1820 de
982 1760 1185 1821 dolore
1233 1768 1395 1822 certa
1440 1760 1622 1822 habet
1678 1778 1828 1840 quae
1887 1768 2203 1840 sequatur,
2258 1763 2431 1822 cuius
2485 1778 2606 1822 ma·

247 1848 624 1929 gnitudinem
670 1847 958 1910 brevitate
1005 1848 1373 1931 consolatur,
1428 1850 1923 1931 longinquitatem
1968 1848 2222 1911 levitate.
2315 1848 2430 1921 Qui
2477 1859 2603 1911 tan·
2626 1868 2694 1918 89

245 1936 389 2007 dem
432 1940 534 2000 isti
570 1936 948 2018 grandiloqui
983 1948 1191 2001 contra
1226 1939 1375 2000 haec
1412 1938 1559 2020 duo,
1608 1958 1759 2019 quae
1803 1941 2055 2000 maxime
2093 1947 2345 2019 angunt,
2390 1939 2605 2000 melius

246 2044 317 2088 se
363 2026 582 2089 habent
629 2045 806 2106 quam
850 2024 1196 2107 Epicurus?
1239 2046 1316 2089 an
1362 2028 1434 2088 ad
1473 2037 1699 2110 cetera,
1747 2046 1896 2107 quae
1935 2027 2087 2088 mala
2122 2036 2437 2109 putantur,
2485 2045 2604 2089 non

250 2220 382 2272 313
353 2217 761 2285 sepulchrorum
786 2222 1153 2283 monumenta,
1179 2216 1356 2272 eloia

246 2286 401 2343 1113
485 2293 517 2342 6
569 2287 822 2344 omnibus
875 2288 1088 2358 opibus,
1142 2289 1255 2343 viri

246 2357 306 2413 V
342 2364 373 2424 ξ
393 2331 472 2415 ‘1’3
505 2365 698 2415 noma
739 2361 983 2427 honesta,
1026 2361 1235 2441 tmpia.
1307 2360 1374 2414 Ιιι

249 2430 362 2485 den
422 2431 663 2486 Worten
733 2430 879 2501 liegt
944 2431 1206 2486 iiberdles
1281 2431 1375 2485 ein

249 2502 526 2572 Zeugma,
565 2502 640 2556 da
673 2518 807 2557 man
839 2501 1003 2557 nicht
1043 2504 1211 2558 minis
1257 2518 1374 2557 cor·

248 2578 441 2642 rupta,
471 2574 711 2629 sondern
736 2574 998 2629 ἀποικία
1024 2576 1169 2644 sagb.
1244 2573 1373 2643 Vgl.

250 2650 349 2710 23,
388 2650 456 2700 66
491 2646 557 2699 in
591 2644 765 2700 caede.

322 2716 517 2771 habere
551 2732 606 2770 se
634 2746 703 2756 —

1481 2216 1643 2288 Diog
1682 2216 1733 2270 X
1770 2223 1866 2283 22,
1911 2233 2024 2272 von
2062 2215 2173 2272 Cic.
2210 2215 2496 2272 iibersetzt
2531 2216 2604 2272 de

1481 2287 1574 2345 fin.
1614 2287 1667 2344 ΙΙ
1704 2294 1800 2356 30,
1839 2294 1925 2344 96.

1545 2361 1927 2448 ,inventor-um,
1957 2359 2140 2415 seiner
2157 2360 2476 2428 Lem-flatze,
2503 2354 2605 2413 ἀν-

1481 2428 1916 2497 τιπαρετάττετο
1999 2429 2065 2486 δὲ
2152 2433 2291 2486 πᾶσι
2381 2450 2607 2494 τουτοις

1483 2503 1674 2589 (ιιῆιιιΙ.
1714 2503 1825 2558 den
1853 2503 2186 2558 Schmerzen
2223 2503 2340 2557 und
2369 2502 2605 2571 Leiden)

1482 2570 1546 2628 τὸ
1587 2570 1733 2628 κατὰ
1770 2570 1966 2662 ψυχὴν
2004 2579 2204 2644 χαῖρον
2243 2569 2338 2628 ἐπὶ
2374 2574 2441 2644 τῇ
2490 2572 2606 2628 τῶν

1483 2640 1800 2715 γεγονότων
1828 2641 1965 2713 ἡμῖν
1993 2646 2370 2726 διαλογισμῶν
2394 2641 2605 2715 μνήμῃ.

1553 2732 1621 2770 ex
1657 2721 1917 2785 tempore,
1963 2715 2014 2769 d.
2052 2716 2089 2769 i.
2136 2721 2200 2770 ut
2243 2717 2473 2785 tempori
2516 2717 2605 2770 in-

1481 2788 1712 2853 serviat,
1760 2802 1874 2842 non
1919 2802 1988 2841 ex
2031 2787 2285 2853 veritate,
2323 2786 2433 2840 den
2469 2784 2606 2840 Um·

1483 2858 1723 2912 standon
1767 2858 1931 2913 nach.
2003 2856 2132 2928 vgl.
2180 2856 2259 2911 IV
2304 2862 2365 2925 4,
2413 2862 2446 2911 8
2491 2859 2607 2913 nisi

1480 2929 1622 3056 forge
1668 2929 1926 2999 temporis
1974 2944 2149 2985 causa
2197 2930 2358 2984 ‘nobis
2407 2929 2604 2985 adamo·

1482 3002 1557 3056 ιιι
1593 3017 1703 3058 are.

1553 3071 1642 3127 De
1686 3076 1869 3127 morte.
1944 3071 2095 3127 Sext
2110 3071 2342 3160 Hypot.
2380 3072 2604 3127 111229

1484 3137 1515 3196 ὁ
1543 3139 1801 3206 θάνατος
1820 3138 1994 3198 οὐδὲν
2021 3139 2163 3213 πρὸς
2190 3140 2364 3228 ἡμᾶς·
2402 3139 2466 3198 τὸ
2496 3140 2605 3212 γὰρ

731 2716 1050 2786 amqustiaezs,
1087 2715 1140 2771 d.
1178 2714 1215 2772 ι.
1293 2715 1373 2770 lu-

249 2786 410 2842 ribus
434 2788 860 2855 difficultatibus
885 2803 1187 2911 urvgevjzae—

247 2862 372 2913 toere
397 2883 467 2905 —
494 2874 551 2913 se
584 2859 856 2941 expedire.
1004 2857 1085 2913 eit
1119 2857 1272 2911 hfiufi
1313 2873 1374 2911 er

248 2928 393 2983 wird
456 2928 563 2983 mit
617 2944 799 2984 emem
854 2928 1157 2984 §.hnlichen
1210 2926 1275 2981 B
1303 2928 1374 2982 de

250 3015 512 3070 emerycre
556 3002 772 3071 ξονι-ει.
851 3000 924 3055 ad
969 2999 1087 3054 Αιι.
1127 2998 1177 3052 V
1216 3004 1301 3068 10,
1340 3005 1373 3053 3

250 3075 317 3126 ut
351 3087 527 3126 meum
561 3072 853 3127 consilium
886 3087 1045 3140 saepe
1091 3071 1372 3140 reprehen-

251 3142 412 3209 dam,
456 3143 603 3212 quod
654 3158 769 3198 non
814 3143 1006 3211 aliqua
1047 3145 1264 3197 ratione
1308 3157 1376 3196 ex

250 3213 353 3268 hoc
387 3215 602 3284 myctio
637 3214 951 3270 emerserint.
1025 3214 1104 3268 Ib.
1144 3218 1194 3281 8,
1227 3219 1255 3267 1
1294 3229 1376 3267 me

252 3289 308 3340 ct
358 3285 702 3341 incommoda
752 3285 1032 3351 valetudo,
1095 3301 1207 3353 qua
1258 3283 1375 3340 iam

250 3370 584 3411 emerseram.
727 3392 733 3403 -

325 3432 517 3483 ctu-ent
560 3426 858 3494 defendere.
931 3427 1043 3481 Der
1077 3426 1235 3483 Infin.
1281 3426 1375 3482 bei

252 3498 385 3553 dem
418 3497 699 3581 positiven
734 3513 930 3554 curare
973 3496 1051 3552 ist
1094 3497 1223 3553 sehr
1270 3496 1374 3553 sel·

253 3570 355 3624 ten
398 3568 494 3624 bei
531 3567 741 3625 Cicero.
814 3587 869 3638 p
923 3569 1107 3625 Flacc.
1153 3573 1249 3637 27,
1304 3574 1374 3623 64

254 3656 345 3696 res
379 3640 518 3695 istas
551 3641 693 3696 scire
728 3640 961 3696 curavit.
1036 3639 1109 3693 ad
1134 3639 1269 3695 fam.
1297 3638 1375 3693 IX

250 3712 599 3780 10,1quod
647 3716 699 3766 te

251 3781 526 3853 Haufiger
559 3783 704 3838 solat

249 3869 370 3909 non
405 3869 555 3909 curo·

332 3926 580 3980 animum
624 3955 693 3965 —
739 3924 1001 3980 iudicem.-
1054 3925 1168 3995 vgl.
1226 3929 1257 3990 ς
1308 3929 1377 3979 95

253 3996 547 4065 omniaque
580 3996 831 4051 iucwnda
855 4012 1186 4066 quamquam
1217 4011 1379 4051 sensu

253 4069 501 4135 corporis
534 4068 880 4133 iudicmtwr,
917 4067 993 4123 ad
1023 4068 1271 4123 animum
1296 4083 1376 4122 re-

249 4136 396 4205 ferri
431 4142 626 4194 tamen.

327 4213 416 4264 88.
452 4208 855 4291 υοῐιφιᾳήωῃ,
892 4226 933 4265 s.
970 4208 1025 4262 II
1061 4215 1111 4278 7,
1151 4214 1233 4264 18.
1273 4279 1286 4293 .

253 4296 403 4406 ..κιαι
436 4278 1379 4409 5ffl5032313080¹m0m22r32353201

787 3717 930 3766 utem
976 3713 1116 3766 seire
1164 3726 1374 3767 curare.

781 3781 852 3837 ic.
890 3782 1000 3837 den
1035 3782 1193 3837 Infin.
1229 3782 1376 3837 nach

1481 3212 1763 3269 διαλυθὲν
1800 3210 2167 3300 ἀναισθητεῖ,
2212 3211 2277 3268 τὸ
2326 3211 2391 3269 δὲ
2438 3209 2603 3268 ἀναι-

1483 3285 1737 3354 σθητοῦν
1800 3279 1976 3339 οὐδὲν
2039 3280 2182 3352 πρὸς
2243 3280 2409 3354 ἡμᾶς.
2492 3284 2605 3340 Der

1483 3355 1730 3410 Zustand
1787 3354 1888 3410 der
1930 3354 2606 3438 Empfindungslosigkeit

1482 3427 1631 3481 murs
1668 3443 1772 3481 uns
1814 3424 2190 3509 gleichgflltig
2225 3426 2435 3496 lassen,
2460 3426 2606 3482 weil

1481 3497 1586 3552 wir
1638 3498 1786 3553 daun
1845 3496 2011 3553 keine
2066 3444 2444 3569 Emgpfindung
2505 3497 2604 3553 des

1482 3568 1886 3694 ἓιιξοιιθὶιιιιοιι
1937 3567 2074 3624 oder
2128 3568 2605 3640 Unangenehmen

1525 3655 1561 3695 a
1600 3657 1670 3696 en

1555 3713 1716 3766 cuius
1740 3710 2205 3799 mynitudinem:
2240 3711 2405 3782 Diog.
2426 3712 2477 3766 Χ
2500 3717 2603 3767 140

1485 3777 1553 3836 οὖ
1591 3782 1836 3852 χρονίζει
1881 3779 1946 3837 τὸ
1997 3777 2208 3870 ἀλγοῦν
2246 3783 2492 3870 συνεχῶς
2524 3776 2603 3837 ἐν
2694 3796 2703 3805 ·

1483 3853 1781 4009 Ξῖάῖῗσίζῖ
1816 3849 2420 4011 5325052213215‘8?
2423 3873 2603 3981 22⁶3}

1484 3993 1848 4083 πολυχρόνιοι
1900 3996 2012 4050 τῶν
2068 3991 2392 4084 ἀρρωστιῶν
2441 4001 2603 4081 aleo:

1484 4063 1658 4132 νάζον
1709 4063 1902 4154 ἔχουσι
1955 4062 2019 4120 τὸ
2076 4062 2360 4136 ἡδόμενον
2417 4063 2479 4122 ἐν
2532 4068 2601 4138 τῇ

1486 4137 1694 4261 σαρκὶ
1700 4132 1845 4206 ἥπερ
1896 4132 1960 4192 τὸ
2012 4132 2241 4207 ἀλγοῦν.
2281 4170 2348 4178 -
2385 4123 2601 4194 Ebenso

1486 4206 1694 4279 sagtffi
1677 4207 1741 4262 ὀ.
1760 4213 2056 4278 eye-statem,
2074 4214 2296 4265 mortem
2313 4211 2602 4265 consolari.

1559 4285 1645 4336 89.
1681 4279 1778 4333 isti
1811 4281 2200 4365 yrandiloqui,
2237 4281 2329 4336 die
2358 4281 2598 4337 Stoiker.

1485 4349 1600 4406 Der
1635 4349 2061 4423 Widerspruch,
2089 4352 2152 4408 in
2179 4323 2288 4409 den
2316 4352 2427 4409 Cic.
2456 4352 2603 4408 hier-
