2902 4649
387 158 516 224 134
1165 157 1240 212 Μ.
1279 156 1526 213 TULLII
1562 156 1947 213 CICERONIS

379 327 575 390 induit
619 343 937 407 personam
981 325 1318 406 philosophi
1365 335 1425 386 et
1473 324 1589 385 sibi
1641 326 1769 404 ipse
1826 322 1940 384 hoc
2001 341 2218 384 nomen
2263 325 2593 405 inscripsit,
2648 322 2736 387 di-

381 434 519 477 cere
567 415 795 498 licebit,
852 416 1010 496 quod
1060 415 1326 496 quidem,
1382 422 1453 477 ut
1496 412 1676 475 habet
1728 432 1794 475 se
1842 432 1969 496 reS,
2031 429 2127 474 me
2172 421 2370 474 tamen
2415 412 2736 494 plaudente

380 505 552 587 dicit,
607 504 835 567 nullum
895 506 1147 586 sapienti
1203 522 1334 566 esse
1389 512 1656 584 tempuS,
1720 505 1897 565 etiam
1953 503 2005 563 si
2064 510 2302 583 uratur,
2365 509 2737 587 torqueatur,

381 602 640 675 secetur,
688 597 832 673 quin
877 596 1068 674 possit
1115 593 1443 655 exclamare
1492 588 1709 664 ‘Quam
1745 607 1856 673 pro
1894 591 2079 654 nihilo
2117 586 2341 672 putol',
2390 609 2527 653 cum
2565 610 2735 672 prae·

382 686 591 745 sertim
637 702 812 743 omne
856 675 1079 744 malum
1125 681 1327 744 dolore
1374 682 1643 764 definiat,
1689 680 1917 743 bonum
1960 680 2290 762 voluptate,
2335 679 2482 741 haec
2528 689 2737 742 nostra

380 773 658 853 honesta,
713 775 911 853 turpia
963 772 1219 835 inrideat
1274 771 1551 852 dicatque
1599 788 1710 833 nos
1755 772 1818 832 in
1865 768 2111 832 vocibus
2157 778 2480 850 occupatos
2525 772 2735 832 inanes

380 879 561 925 sonos
617 861 896 943 fundere,
959 879 1155 942 neque
1213 864 1532 942 quicquam
1586 859 1659 920 ad
1715 877 1826 921 nos
1885 862 2190 939 pertinere
2244 861 2362 920 nisi
2416 859 2575 938 qued
2632 868 2741 921 aut

377 950 507 1012 leve
563 958 665 1012 aut
720 966 999 1030 asperum
1051 953 1114 1012 in
1172 969 1423 1031 corpore
1479 950 1798 1011 sentiatur:
1853 947 1994 1010 huic
2058 955 2235 1031 ergo,
2283 957 2352 1009 ut
2410 948 2558 1028 dixi,
2612 965 2740 1010 non

381 1039 635 1101 multum
688 1040 986 1101 differenti
1042 1058 1075 1100 a
1130 1039 1351 1102 iudicio
1416 1041 1681 1101 serarum
1745 1037 2016 1099 ubilvisci
2079 1036 2284 1099 licebit
2339 1038 2435 1099 sui
2489 1047 2549 1098 et
2604 1045 2738 1099 tum

380 1128 698 1199 fortunam,
727 1137 1136 1209 contemnere,
1197 1147 1333 1190 cum
1390 1131 1468 1190 sit
1522 1145 1697 1192 omne
1745 1135 1806 1189 et
1851 1126 2074 1194 bonum
2120 1130 2253 1189 eius
2297 1134 2361 1187 et
2403 1126 2625 1188 malum
2670 1128 2738 1187 in

379 1225 674 1298 potestate
722 1218 1022 1299 fortunae,
1076 1225 1206 1279 tum
1260 1218 1461 1279 dicere
1517 1235 1582 1278 se
1636 1216 1875 1278 beatum
1931 1219 1993 1277 in
2050 1234 2285 1278 summo
2331 1217 2598 1277 cruciatu
2646 1222 2739 1276 at·

381 1324 497 1386 que
556 1309 895 1389 tormentis„
954 1324 1091 1368 cum
1147 1308 1530 1369 constituerit
1581 1323 1713 1378 non=
1757 1305 1933 1367 modo
1990 1323 2288 1367 summum
2337 1303 2554 1365 malum
2598 1321 2740 1366 esse

294 1410 363 1461 74
382 1395 673 1475 dolorem,
738 1396 843 1457 sed
911 1398 1086 1457 etiam
1153 1392 1389 1458 solum?
1478 1395 1601 1457 Nec
1657 1413 1799 1456 vero
1853 1394 1950 1456 illa
2012 1393 2126 1456 sihi
2181 1393 2445 1455 remedia
2501 1409 2743 1474 compa·

381 1485 531 1545 ravit
586 1484 657 1544 ad
703 1484 1077 1546 tolerandum
1125 1484 1418 1567 dolorem,
1478 1485 1821 1546 firmitatem
1865 1486 2073 1566 animi,
2133 1481 2523 1564 turpitudinis
2569 1499 2745 1544 vere-

381 1572 675 1654 cundiam,
723 1576 1208 1635 exercitationem
1256 1573 1870 1654 consuetudinemque
1905 1572 2186 1654 patiendi,
2234 1571 2577 1653 [praecepta
2614 1572 2744 1633 for·

378 1660 718 1744 titudiniS,].
746 1662 1026 1724 duritiam
1072 1662 1332 1745 virilem,
1378 1663 1484 1724 sed
1531 1681 1649 1723 una
1696 1680 1761 1723 se
1807 1661 1950 1724 dicit
1996 1660 2410 1724 recordatione
2457 1659 2741 1741 adquies-

381 1768 517 1811 cere
574 1754 1031 1831 praeteritarum
1097 1752 1514 1832 voluptatium,
1577 1759 1649 1813 ut
1711 1753 1762 1812 si
1828 1753 1963 1830 quis
2029 1759 2334 1831 aestuans,
2409 1766 2548 1811 cum
2610 1751 2738 1811 vim

379 1838 594 1900 caloris
667 1857 787 1901 non
863 1840 1031 1901 facile
1106 1842 1389 1920 patiatur,
1474 1839 1779 1902 recordari
1850 1839 1992 1901 velit
2066 1858 2197 1901 sese
2271 1836 2584 1919 aliquando
2672 1840 2743 1900 in

379 1926 648 2007 Arpinati
695 1936 901 1990 nostro
956 1928 1166 2009 gelidis
1221 1928 1566 1991 fluminibus
1622 1930 2053 1991 circumfusum
2101 1928 2303 1990 fuisse.
2390 1926 2523 1988 Non
2570 1929 2741 1988 enim

1608 2065 1932 2132 corporibus
1956 2065 2336 2133 voluptatibus
2367 2069 2418 2119 et
2442 2063 2753 2120 demotos.

1608 2135 1735 2190 Alle
1775 2135 2132 2205 kerperliche
2174 2133 2553 2205 Empfindung
2597 2133 2750 2189 aber

1608 2204 1750 2260 wird
1799 2206 1975 2261 durch
2025 2205 2117 2261 die
2153 2206 2358 2261 Atome
2404 2205 2753 2277 vermittelt,

1607 2275 1822 2334 welche
1850 2277 1942 2333 die
1961 2276 2403 2334 verschiedenen
2416 2276 2750 2335 Eindriicke

1608 2349 1785 2404 durch
1860 2348 1955 2404 die
2018 2348 2527 2405 Versehiedenheit
2585 2348 2753 2404 ihrer

1610 2418 1835 2475 Geel-,alt
1888 2419 2006 2475 und
2060 2419 2319 2476 Schwere
2383 2418 2750 2476 hervorbrin-

450 2063 640 2119 induit
696 2080 1015 2133 personam,
1080 2064 1180 2119 der
1244 2082 1349 2119 nur
1388 2064 1500 2119 ‘die

379 2135 576 2190 Maske
623 2165 695 2176 -
744 2136 1012 2206 angelegt
1063 2136 1182 2192 hat.
1254 2154 1310 2206 p.
1358 2136 1499 2192 Mur.

381 2211 431 2273 3,
472 2212 504 2261 6
541 2206 644 2261 has
670 2212 864 2276 partes
908 2208 1153 2262 lenitatis
1197 2213 1248 2263 et
1290 2208 1500 2262 miseri·

381 2277 602 2334 cordiae
629 2309 694 2317 —
724 2292 930 2348 semper
958 2279 1045 2349 eyi
1071 2279 1316 2348 libenter,
1344 2279 1502 2335 illam

377 2364 505 2406 vero
539 2351 835 2419 pravitatis
872 2351 1276 2420 severitatisque
1312 2366 1501 2420 perso-

378 2437 511 2475 nam
573 2436 687 2475 non
751 2422 1009 2492 appetivi.
1081 2422 1304 2478 Ebenso
1359 2421 1504 2476 wird

370 2497 705 2562 personatus
741 2493 1068 2562 gebraucht.
1137 2492 1263 2547 Sen.
1293 2509 1380 2562 ep.
1409 2498 1500 2562 80,

380 2567 426 2617 8·
451 2564 693 2620 omnium
728 2565 958 2619 istorum
986 2570 1288 2633 personata
1321 2565 1500 2632 felici-

378 2640 466 2690 tas
500 2639 591 2688 est.
657 2634 727 2690 de
765 2635 855 2690 off.
893 2635 972 2690 111
1008 2641 1095 2703 33,
1136 2641 1238 2692 116
1275 2634 1501 2692 werden

380 2705 471 2760 die
501 2705 842 2775 Cyrenaiker
877 2706 991 2761 und
1028 2706 1233 2762 andere
1271 2707 1331 2763 in
1358 2707 1499 2791 glei-

380 2777 542 2831 chem
617 2776 787 2832 Sinne
857 2777 1168 2848 philosophi
1226 2779 1503 2834 nominati

378 2849 645 2918 genennt.

449 2923 514 2972 ut
566 2919 725 2974 habet
780 2935 835 2973 se
890 2935 1004 2986 res,
1066 2920 1173 2975 wie
1233 2918 1354 2975 sich
1410 2919 1502 2975 die

377 2988 559 3043 Sache
595 2989 655 3044 in
687 2988 1088 3045 Wirklichkeit
1122 2991 1364 3061 verhfflt,
1402 2990 1501 3046 ab·

378 3059 624 3129 gesehen
651 3077 763 3115 von
792 3060 901 3115 den
926 3060 1368 3131 Konsequenzen
1401 3062 1502 3118 des

379 3130 821 3201 Epikureischen
860 3131 1123 3201 Systems.
1173 3130 1186 3143 “

455 3201 634 3273 Quam
661 3219 770 3272 pro
805 3203 983 3258 m'hilo
1021 3208 1171 3273 puto.
1248 3201 1374 3258 Seu.
1413 3219 1501 3273 ep.

381 3279 466 3342 66,
495 3277 560 3328 18
598 3274 886 3344 Epicurus
921 3290 1130 3345 qaoque
1165 3275 1248 3329 ait
1281 3274 1502 3344 sapien-

378 3350 501 3412 tem,
537 3345 590 3400 si
623 3347 687 3400 in
709 3345 1041 3401 Phalaridis
1076 3350 1240 3401 tauro
1265 3361 1504 3415 perwra·

379 3421 490 3483 tur,
532 3418 993 3472 eaeclamaturum:
1038 3417 1196 3472 dulce
1231 3422 1306 3472 est
1343 3421 1393 3472 et
1428 3416 1506 3472 ad

378 3503 461 3542 me
477 3488 622 3541 nihil
639 3490 895 3558 pertinet.
933 3487 1061 3558 Vgl.
1088 3488 1250 3543 Tusc.
1271 3487 1325 3542 H
1347 3493 1395 3556 7,
1418 3493 1503 3544 17.

451 3558 635 3613 dolore
649 3559 894 3626 definiat,
902 3560 1049 3614 nach
1065 3558 1193 3614 dem
1208 3559 1504 3614 Schmerze

379 3627 555 3683 must.
596 3628 649 3684 d.
670 3630 721 3684 h.
763 3630 871 3685 den
910 3630 1171 3685 Schmerz
1208 3630 1292 3685 als
1329 3630 1504 3686 hooh-

380 3703 497 3756 stes
534 3687 680 3755 Ubel
717 3700 991 3757 hinstellt.
1322 3729 1325 3732 ⁴

451 3772 517 3826 in
561 3771 784 3828 vocibus
828 3787 1035 3842 occup,
1084 3788 1156 3827 an
1193 3771 1304 3827 deu
1337 3770 1507 3826 Wor-

382 3844 480 3898 ten
516 3843 799 3914 hangend.

453 3914 648 3971 inanes
711 3929 872 3969 sonos
932 3914 1190 3982 fundere,
1254 3914 1369 3984 vgl.
1423 3912 1506 3967 III

383 3989 469 4054 18,
506 3991 575 4041 42
612 4001 762 4040 voees
797 3986 992 4041 inanes
1026 3986 1272 4053 frondere.

452 4062 553 4112 aut
589 4059 698 4113 leve
732 4062 833 4112 aut
883 4073 1152 4127 asperam.
1226 4057 1340 4111 Der
1376 4056 1506 4111 kor-

378 4125 634 4198 perliche
654 4126 913 4183 Schmerz
948 4127 1063 4184 und
1083 4128 1225 4183 Luat
1258 4127 1334 4183 ist
1359 4128 1505 4182 nach

380 4198 599 4268 Epikur
651 4199 853 4254 immer
906 4201 1007 4255 der
1055 4197 1502 4271 urspriingliche.

381 4269 454 4325 de
500 4270 593 4324 fin.
632 4272 658 4325 I
697 4276 791 4337 17,
841 4276 909 4326 55
965 4272 1143 4328 animi
1193 4275 1373 4326 autem
1416 4285 1506 4326 vo-

381 4341 621 4412 luptates
671 4346 721 4397 et
755 4342 963 4399 dolores
1011 4343 1168 4399 nasci
1202 4343 1442 4411 fatemur
1479 4358 1507 4399 e

1608 2505 1733 2561 gen,
1772 2506 1834 2546 so
1874 2490 2000 2546 dass
2037 2491 2152 2547 alle
2187 2491 2580 2562 angenehmen
2606 2491 2749 2546 Em-

1606 2560 1951 2632 pfindungen
2005 2563 2108 2618 auf
2154 2564 2338 2633 glatte
2351 2606 2365 2632 ‚
2423 2562 2514 2617 die
2560 2578 2750 2618 umn-

1607 2633 1924 2703 genehmen
1986 2635 2089 2689 auf
2129 2634 2350 2690 scharfe
2394 2630 2601 2690 Atome
2649 2652 2751 2689 zu·

1607 2704 1947 2774 rfickgehen.
2087 2747 2091 2751 .
2372 2724 2377 2727 ·

1677 2790 1793 2830 nora
1827 2777 2061 2831 multam
2095 2776 2393 2845 differenti,
2429 2774 2524 2830 ein
2561 2776 2744 2847 abga-

1606 2846 1834 2902 kiirzter
1869 2846 2173 2919 Vergleich
2221 2847 2328 2902 wie
2364 2845 2418 2901 Π
2454 2851 2486 2901 9
2500 2888 2516 2915 ,
2553 2851 2624 2902 20
2669 2862 2747 2902 ne

1608 2933 1692 3003 m3e
1744 2918 2072 2975 occidentem
2123 2921 2322 2975 matris
2373 2924 2589 2989 superet
2644 2932 2745 2974 ea-

1608 3066 1769 3195 „iit
1815 3057 2749 3201 {migitiuffifflffigpffl

1606 3201 1846 3258 remedia
1862 3203 1983 3258 ‘sibi
2008 3204 2364 3273 comparavit.
2429 3202 2540 3257 Ein
2567 3201 2746 3257 Leser-

1608 3273 1804 3329 wollte
1877 3272 2058 3328 demit.
2133 3273 2226 3329 die
2298 3273 2743 3329 verschiedenen

1610 3342 1854 3414 Begriffe
1908 3345 2222 3413 firmitatem
2284 3346 2462 3400 animi
2517 3347 2626 3399 cet.
2681 3344 2740 3398 in

1611 3415 1777 3470 einen
1813 3416 2335 3472 zusammenfassen.

1681 3503 1800 3541 una
1835 3502 1890 3541 se
1925 3489 2066 3543 dicit
2103 3489 2208 3544 cet.
2273 3486 2386 3542 Das
2421 3485 2500 3540 ist.
2528 3502 2601 3540 zu
2627 3484 2744 3541 viel

1611 3558 1828 3628 gesagt,
1866 3558 2014 3613 deun
2038 3557 2230 3614 ausser
2257 3558 2361 3613 der
2385 3556 2747 3627 Erinnerung

1611 3642 2120 3772 anfvififfigssnssr
2143 3629 2261 3755 ¹²¹5st
2310 3624 2751 3768 &333an

1612 3716 1687 3754 au
2121 3717 2191 3756 eu
2231 3717 2326 3768 en,
2702 3716 2751 3753 1-

1613 3770 1722 3824 kur
1767 3770 2066 3827 besonders
2114 3771 2225 3827 den
2260 3770 2429 3826 Trost
2575 3769 2615 3825 d
2652 3786 2755 3839 an,

1616 3840 1740 3896 dare
1786 3841 1886 3897 der
1933 3843 2193 3899 Schmerz
2248 3845 2431 3898 entwe
2472 3857 2534 3896 er
2583 3840 2756 3897 nicht

1614 3912 1725 3967 den
1769 3913 2048 3970 hochsten
2096 3913 2250 3970 Grad
2293 3913 2542 3968 erreicht
2592 3912 2752 3968 habe

1615 3983 1750 4038 oder
1797 4000 1909 4039 von
1960 3985 2160 4040 kurzer
2205 3985 2391 4041 Dauer
2435 3984 2533 4040 sei.
2608 3981 2753 4054 Vgl.

1613 4053 1695 4109 III
1734 4060 1818 4123 17,
1855 4061 1924 4111 38
1960 4056 2079 4111 und
2112 4056 2165 4111 V
2202 4061 2232 4122 ξ
2271 4060 2359 4112 88.

1683 4126 1749 4182 iri
1784 4125 2060 4197 Arpinati
2093 4134 2306 4194 nostre,
2343 4126 2404 4181 in
2439 4125 2540 4182 der
2575 4124 2757 4183 Nahe

1612 4214 1722 4253 von
1750 4196 2027 4269 Arpinum
2042 4242 2057 4269 ,
2094 4215 2181 4256 wo
2209 4197 2322 4254 cic.
2361 4196 2453 4252 ein
2480 4195 2763 4267 Landgut

1610 4268 1798 4395 ἷρεξιΐε
1812 4311 1826 4337 ,
1872 4269 1996 4325 floss
2045 4269 2145 4326 der
2189 4267 2458 4325 Fibrenus
2516 4268 2579 4323 in
2630 4269 2759 4325 den

1661 4358 1777 4396 ms.
