2902 4649
594 120 1198 191 TUSCULANARUM
1231 120 1846 177 DISPUTATIONUM
1881 122 1948 177 V.
1989 127 2180 177 8-11.
2425 121 2553 187 103

195 291 364 353 dicta
416 299 535 371 est,
597 297 657 350 et
709 291 986 369 privatim
1041 298 1102 349 et
1155 287 1394 368 publice
1448 290 1975 368 praestantissimis
2031 296 2092 350 e't
2145 290 2433 350 institutis
2494 297 2555 351 et

203 379 448 441 artibus
542 377 725 438 Cuius
782 378 854 439 de
912 376 1220 456 disciplina
1276 377 1434 438 aliud
1492 386 1727 457 tempus
1773 378 1957 439 fuerit
2002 378 2252 439 fortasse
2299 376 2552 439 dicendi.

197 469 319 531 Sed
381 466 453 528 ab
515 469 755 545 antiqua
815 466 1185 546 philosophia
1245 484 1436 546 usque
1498 465 1570 527 ad
1628 466 1960 548 Socratem,
2023 470 2128 547 qui
2171 465 2554 548 Archelaum,

195 558 577 636 Anaxagorae
625 555 1001 635 discipulum,
1026 554 1344 637 audierat,
1391 557 1629 616 numeri
1673 564 1992 635 motusque
2038 555 2446 617 tractabantur
2493 566 2554 617 et

200 646 358 707 unde
405 646 601 705 omnia
645 652 963 705 orerentur
1001 662 1192 723 quove
1234 644 1594 725 reciderent,
1640 645 2024 725 studioseque
2064 644 2136 705 ab
2172 646 2246 705 iis
2287 644 2553 705 siderum

193 732 663 814 magnitudinem
723 732 1058 815 intervalla,
1113 751 1328 795 cursus
1376 732 1845 813 anquirebantur
1892 742 1953 795 et
1999 741 2223 800 cuncta,
2259 733 2553 794 caelestia.

199 822 476 884 Socrates
523 829 723 883 autem
769 824 999 901 primus
1044 821 1478 902 philosophiam
1526 822 1829 884 devocavit
1887 842 1918 883 ε
1966 821 2128 884 caelo
2177 830 2236 884 et
2281 824 2344 883 in
2390 821 2552 892 urbi·

196 911 312 976 bus
362 911 692 988 conlocavit
738 919 799 971 et
843 912 907 972 in
954 911 1165 971 domus
1221 913 1401 973 etiam
1457 912 1788 973 introduxit
1843 920 1904 972 et
1959 913 2153 991 coegit
2209 910 2281 971 de
2328 912 2446 971 vita
2493 920 2554 971 et

198 1000 468 1062 moribus
514 998 816 1079 rebusque
865 999 1037 1061 bonis
1085 1008 1146 1061 et
1199 1000 1370 1061 malis
1417 1018 1724 1080 quaerere.
1764 1045 1771 1051 -
1816 999 2001 1063 Cuius
2047 998 2352 1079 multiplex
2398 1001 2550 1060 ratio
2574 1012 2639 1061 11

189 1088 540 1170 disputandi
593 1106 918 1168 rerumque
973 1090 1227 1149 varietas
1282 1097 1342 1150 et
1395 1091 1621 1168 ingenii
1675 1088 2047 1170 magnitudo,
2110 1088 2373 1149 Platonis
2429 1106 2550 1149 me·

193 1180 384 1239 moria
458 1186 518 1238 et
575 1177 793 1238 litteris
854 1186 1226 1259 consecrata,
1292 1178 1465 1257 plura
1524 1196 1745 1257 genera
1814 1178 2011 1239 effecit
2071 1176 2559 1239 dissentientium

194 1266 714 1349 philosophorum,
761 1285 793 1326 ε
841 1265 1059 1345 quibus
1105 1284 1215 1326 nos
1260 1265 1322 1326 id
1367 1268 1744 1346 potissimum
1791 1268 2099 1327 consecuti
2144 1284 2383 1346 sumuS,
2431 1284 2549 1345 quo

195 1355 507 1417 Socratem
554 1373 732 1416 usum
778 1353 1237 1437 arbitrabamur,
1293 1363 1361 1416 ut
1415 1363 1681 1417 nostram
1736 1357 1853 1435 ipsi
1909 1356 2262 1416 sententiam
2320 1362 2549 1434 tegere-

189 1463 353 1525 muS,
416 1462 623 1505 errore
677 1443 823 1504 alios
876 1443 1207 1504 levaremus
1272 1452 1334 1504 et
1387 1445 1450 1504 in
1516 1446 1678 1504 omni
1732 1443 2132 1523 disputatione
2189 1442 2330 1523 quid
2388 1451 2550 1504 esset

194 1532 563 1595 simillimum
606 1534 731 1593 veri
778 1550 1222 1612 quaereremus
1314 1531 1506 1604 Quem
1560 1550 1789 1594 morem
1845 1551 1982 1593 cum
2031 1530 2363 1593 Carneades
2410 1550 2548 1593 acu-

194 1625 424 1683 tissime
474 1623 1000 1700 copiosissimeque
1048 1622 1364 1703 tenuisset,
1420 1620 1673 1682 fecimus
1731 1629 1790 1682 et
1836 1621 1977 1681 alias
2024 1639 2201 1701 saepe
2249 1629 2309 1681 et
2353 1639 2548 1701 nuper

194 1712 254 1771 in
291 1710 653 1791 Tusculano,
699 1718 769 1771 ut
804 1709 875 1770 ad
915 1727 1045 1770 eam
1082 1709 1575 1771 consuetudinem
1616 1710 2085 1790 disputaremus3
2133 1717 2194 1770 et
2231 1708 2547 1789 quadridui

190 1799 439 1879 quidem
485 1817 822 1859 sermonem
881 1797 1293 1878 superioribus
1349 1798 1423 1860 ad
1478 1808 1538 1859 te
1592 1801 1997 1879 perscriptum
2042 1798 2212 1859 libris
2258 1800 2548 1879 misimus»,

194 1890 400 1968 quinto
452 1897 651 1949 autem
697 1886 811 1969 die,
859 1905 998 1948 cum
1043 1886 1252 1947 eodem
1297 1889 1361 1949 in
1406 1888 1537 1948 loco
1587 1887 2094 1969 consedissemus,
2141 1889 2228 1948 sic
2274 1896 2366 1948 est
2410 1905 2548 1967 pro-

190 1980 457 2058 positum
504 1976 577 2037 de
626 1995 743 2056 quo
790 1975 1247 2055 disputaremus,

165 2135 169 2140 .
260 2096 538 2151 institutis
600 2099 651 2153 et
712 2094 929 2149 artibus
1003 2092 1317 2163 entapricht

189 2166 500 2223 chiastisch
538 2165 668 2220 dam
696 2166 967 2234 privatim
1002 2170 1053 2219 et
1075 2164 1311 2247 publice.

193 2237 413 2293 Ebenso
469 2237 613 2291 wird
676 2236 869 2305 haufig
931 2236 1202 2290 institutis
1265 2240 1315 2290 et

193 2311 452 2377 moribuS,
488 2309 760 2364 institutis
786 2312 837 2363 et
855 2307 1164 2377 praeceptis
1193 2322 1313 2362 ver-

195 2351 452 2436 hanaen?
510 2367 662 2435 Uber
705 2378 806 2434 die
845 2378 1024 2434 Sacae
1070 2377 1315 2435 z.z.1v

263 2525 422 2578 euius
456 2523 525 2577 de
560 2521 875 2590 disciplina
944 2518 1056 2574 Cic.
1096 2518 1316 2575 scheint

193 2594 280 2649 die
317 2592 561 2648 Absicht
604 2592 816 2660 gehabt
860 2610 929 2645 zu
965 2590 1177 2660 haben,
1224 2590 1315 2645 die

194 2665 370 2721 Lehre
440 2664 543 2718 des
601 2662 951 2732 Pythagoras
1014 2633 1177 2716 iiber
1218 2662 1317 2717 das

104 2770 110 2777 -
196 2736 527 2793 Universum
565 2752 632 2788 zu
658 2733 994 2802 behandeln,
1029 2732 1147 2787 und
1175 2734 1317 2787 dazu

194 2807 251 2861 in
294 2808 479 2862 seiner
525 2789 911 2885 Ubersetzung
961 2820 1074 2859 von
1121 2804 1315 2859 Platon

191 2877 424 2934 'rimans
462 2876 589 2933 eine
614 2873 917 2931 Vorstudie
952 2876 1220 2945 gemacht
1246 2892 1315 2929 zu

194 2947 390 3005 haben.
470 2949 524 3005 S.
565 2947 709 3003 Tim.
748 2965 794 3002 c.
837 2953 884 3002 1.

263 3022 621 3076 Archelaum:
657 3019 824 3089 Diog.
861 3017 915 3070 II
954 3023 1021 3072 16
1062 3015 1211 3072 ἔοικε
1250 3014 1316 3073 δὲ

196 3090 288 3144 καὶ
321 3085 486 3153 οὗτος
516 3085 784 3156 ἅψασθαι
812 3089 912 3159 τῆς
938 3084 1168 3174 ἠθικῆς.
1219 3087 1319 3142 καὶ

193 3157 515 3288 Ξῗιῖωῗεὲἑι
528 3156 1319 3322 '‘etsszjmz‘fqsstt‘g‘0352’iza‘g‘ss

198 3300 506 3391 Σωκράτης
530 3304 606 3357 τῶ
649 3297 895 3369 αὐξῆσαι
923 3297 1098 3385 αὐτὰρ
1127 3297 1319 3371 εὑρεῖν

196 3368 523 3445 ὑπελήφθη.
559 3357 697 3428 Dass
715 3373 980 3428 Sokrates
999 3372 1119 3428 sein
1140 3373 1316 3428 Schii-

197 3444 280 3498 ler
307 3463 569 3516 gewesen
603 3443 711 3513 sei,
761 3444 839 3499 ist
870 3462 978 3498 nur
1015 3443 1139 3499 eine
1176 3444 1316 3499 Ver-

196 3518 432 3587 mutung
478 3515 769 3587 ὃρῆιειει,
823 3532 938 3571 von
992 3515 1092 3570 der
1135 3514 1315 3570 Xeno-

200 3587 350 3656 phon
385 3588 503 3642 und
539 3586 701 3642 Plato
738 3558 924 3641 1’1ichts
959 3586 1178 3642 wissen.

267 3660 583 3724 reciderent,
605 3657 725 3712 sich
753 3657 1025 3713 aussiisen.
1064 3657 1133 3712 de
1163 3656 1314 3713 deor.

199 3733 309 3784 nat.
336 3729 392 3783 II
429 3735 516 3798 26,
552 3734 620 3785 66
657 3735 709 3784 et
742 3729 994 3784 recidunt
1030 3728 1217 3783 omnia
1250 3729 1318 3783 in

194 3803 368 3855 terias
404 3806 455 3855 et
489 3802 750 3856 oriuntur
786 3817 823 3854 a
858 3800 1038 3854 terrie.

265 3873 504 3939 numeri,
562 3869 1019 3938 Zahlentheorie,
1074 3869 1182 3924 wie
1234 3868 1315 3924 sie

199 3940 286 3994 die
321 3942 703 4013 Pythagoram·
737 3912 1133 3999 behandel’ten.
1205 3957 1315 3997 mo·

198 4010 506 4080 tua,na.1nl.
542 4014 799 4069 siderum.

257 4089 316 4138 et
378 4091 574 4140 cuncta
636 4086 917 4151 caelestia,
975 4083 1113 4138 kurz
1176 4083 1315 4139 alles

201 4170 254 4208 ιι.
273 4173 311 4209 ε.
335 4174 399 4210 w.
468 4154 522 4210 S.
543 4175 587 4211 Ζ.
607 4156 759 4223 ΙΗ2,
781 4162 814 4210 3
842 4161 892 4211 et
917 4155 1312 4210 inhaerescunt.

201 4222 426 4280 Danach
461 4226 536 4282 ist
569 4232 599 4294 ξ
642 4234 704 4282 11
744 4233 797 4283 et
838 4228 902 4282 in
938 4228 1087 4282 omni
1122 4229 1313 4296 dispu-

203 4297 402 4354 tatione
439 4315 810 4367 quaereremus
845 4317 912 4352 Ζιι
948 4297 1275 4354 beurteilen.

1497 2093 1772 2148 Socrates.-
1845 2093 1921 2146 Ει·
1992 2092 2362 2148 beschxankte
2426 2092 2547 2148 sich

1424 2164 1527 2218 auf
1566 2164 1659 2218 die
1694 2163 1892 2231 Effiik,
1947 2164 2079 2219 weil
2122 2162 2267 2231 ihm,
2324 2163 2429 2217 wie
2485 2180 2549 2219 er

1423 2237 1610 2305 sagina,
1659 2234 1758 2289 das
1809 2234 2045 2290 Streben
2091 2234 2240 2289 nach
2277 2232 2546 2289 Selbeter-

1421 2305 1683 2362 kenntnis
1733 2326 1799 2361 Ζιι
1847 2306 1946 2362 der
1984 2306 2060 2375 Sp
2066 2305 2356 2360 ekulation
2404 2306 2545 2361 iiber

1422 2377 1515 2433 die
1560 2378 1742 2433 Natur
1785 2378 1945 2433 nicht
1989 2377 2113 2432 Zeit
2166 2376 2306 2434 hess,
2379 2377 2544 2446 Diog.

1421 2449 1475 2502 II
1503 2455 1568 2503 21
1613 2444 1836 2504 Γνόντα
1875 2447 1939 2504 δὲ
1977 2444 2083 2518 τὴν
2120 2449 2370 2535 φυσικὴν
2396 2451 2546 2503 θεω-

1425 2522 1556 2586 ρίαν
1611 2517 1791 2591 μηδὲν
1848 2517 1995 2575 εἶναι
2034 2539 2192 2606 προς
2246 2539 2419 2590 ημας,
2473 2514 2546 2573 τὰ

1424 2587 1630 2730 2³53&
1648 2595 1985 2748 Ψάῶἷρφξίἷ
2021 2586 2320 2718 αὲῗαιῖῗί
2341 2609 2401 2714 ἷῖ
2419 2609 2545 2733 ἔζῖἶῖ

1422 2683 1778 2788 κῖἐκεῖνὲρὸὲ
1829 2729 2072 2804 φάσκειν
2118 2682 2347 2819 ζητεῃῖν·
2383 2681 2447 2801 Ξ,
2490 2751 2546 2786 τι

1421 2823 1510 2858 τοι
1549 2799 1613 2859 ἐν
1660 2801 1951 2875 μεγάροισι
1997 2822 2177 2859 κακον
2213 2824 2245 2858 τ
2310 2796 2544 2872 ἀγαθόν

1422 2894 1481 2930 τε
1522 2875 1797 2931 τέτυκται.

1496 2964 1524 3001 e
1559 2948 1726 3003 coelo.-
1761 2947 1867 3002 Die
1903 2945 2130 3001 Philoso
2132 2945 2292 3015 phie,
2329 2944 2544 3000 welche

1425 3018 1547 3072 sich
1600 3018 1705 3073 mit
1754 3018 1862 3072 den
1907 3016 2546 3072 Himmelserscheinun-

1426 3105 1537 3158 gen
1570 3089 1745 3144 besch
1919 3132 1933 3157 ,
1971 3087 2113 3143 wird
2150 3088 2324 3143 selbst
2353 3088 2437 3143 als
2465 3087 2546 3142 im

1422 3159 1674 3215 Himmel
1708 3159 1983 3216 wohnend
2018 3159 2279 3228 gedacht.

1499 3237 1583 3287 11.
1631 3233 1888 3286 memoria
1943 3236 1994 3285 et
2048 3230 2244 3286 litteris
2291 3244 2546 3294 eon-seer„

1428 3301 1630 3357 ‘durch
1704 3299 2047 3357 schriftliche
2118 3298 2546 3369 Aufzeichnung

1424 3371 1555 3427 dem
1590 3372 1900 3429 Andenken
1935 3371 2236 3427 erhalten'.

1493 3444 1792 3513 equibus;
1847 3443 1930 3497 als
1986 3442 2060 3497 ob
2113 3459 2314 3512 genera
2366 3442 2545 3513 philo-

1420 3515 1723 3584 sophandi,
1754 3513 1928 3567 nicht
1969 3529 2171 3583 yenera
2197 3513 2546 3585 philosopho-

1420 3603 1547 3641 rum
1582 3584 1971 3655 vorausginge.
2048 3585 2101 3639 S.
2141 3604 2187 3639 Ζ.
2222 3584 2301 3639 IV
2339 3590 2435 3656 21,
2474 3591 2579 3649 48,

1423 3656 1833 3712 Gladiatorium
1859 3657 1922 3711 id
1947 3657 2182 3726 quidem,
2216 3673 2546 3727 quamquam

1421 3729 1487 3783 in
1519 3730 1594 3783 iis
1628 3730 1766 3797 ipsis
1804 3729 1908 3782 cet.

1496 3799 1829 3866 Carneadea,
1866 3817 1908 3856 s.
1947 3818 1991 3853 Ζ.
2029 3798 2112 3853 ΠΙ
2147 3803 2234 3866 22,
2272 3802 2358 3853 54.
2421 3797 2549 3853 Den¹

1421 3870 1794 3925 Unterschied
1821 3869 2096 3925 zwischen
2118 3867 2400 3924 Sokrates'
2428 3868 2538 3924 Iro·

1419 3940 1513 3996 nie
1541 3942 1656 3995 und
1682 3942 2007 4034 fingiertem
2025 3938 2400 3996 Niehtwissen
2425 3940 2543 3994 und

1419 4011 1758 4067 Karneades'
1812 4012 2039 4081 Skepsis
2101 4011 2218 4064 und
2277 4010 2547 4081 Leugnen

1420 4082 1522 4138 der
1539 4084 1674 4155 Meg
1674 4082 1910 4139 lichkeit
1936 4083 2034 4137 des
2065 4082 2391 4138 Erkennens
2416 4099 2540 4137 ver-

1419 4103 1765 4226 nachlitssigt
1815 4153 2024 4211 Cicero.
2108 4152 2162 4208 S.
2203 4152 2416 4218 Ein1.§
2454 4159 2538 4209 22.

1492 4228 1670 4282 eodem
1722 4229 1786 4281 in
1839 4226 1979 4293 zoco,
2033 4224 2284 4280 niimlich
2339 4224 2398 4279 in
2441 4225 2545 4279 der

1421 4314 1611 4368 aogen.
1650 4296 1976 4368 ΑΙιειᾶειιιὶε,
2013 4314 2058 4352 a.
2097 4297 2149 4352 ΙΙ
2187 4301 2237 4364 3,
2276 4302 2326 4352 9.
