2902 4649
185 718 269 848 ¹3⁶}

200 2093 269 2143 35

286 132 373 196 22
1072 130 1146 188 M.
1188 130 1432 187 TULLII
1471 129 1856 186 CICERONIS

287 318 424 361 cum
471 287 691 360 cecinit
744 300 1040 378 receptui,
1094 296 1325 377 inpellit
1377 315 1624 358 rursum
1678 306 1738 358 et
1793 297 2002 357 incitat
2059 296 2129 357 ad
2188 300 2642 378 conspiciendas

286 397 529 467 totaque
577 396 776 448 mente
823 385 1281 449 contrectandas
1317 389 1508 447 varias
1546 385 1907 467 voluptateS,
1955 387 2176 466 quibus
2221 385 2321 448 ille
2366 396 2429 449 et
2472 405 2644 468 prae·

285 479 600 538 teritarum
646 479 930 537 memoria
977 483 1038 537 et
1084 495 1188 556 spe
1237 478 1733 556 consequentium
1791 477 2074 555 sapientis
2120 477 2301 536 vitam
2356 478 2647 539 refertam

287 573 473 646 putat.
563 565 723 626 Haec
769 572 975 626 nostro
1022 583 1188 625 more
1244 581 1355 625 nos
1408 564 1695 644 diximUS,
1750 562 2020 644 Epicurii
2074 565 2282 627 dicunt
2337 585 2476 648 suo;
2536 566 2646 627 sed

289 672 441 734 quae
488 653 687 716 dicant
733 655 1063 736 videamUS,
1111 672 1231 734 quo
1278 653 1484 734 modo,
1530 652 1929 732 neglegamus

465 743 767 824 Principio
814 744 966 804 male
1012 742 1464 823 reprehendunt
1507 740 2098 822 praemeditationem
2153 760 2359 805 rerum
2415 745 2646 805 futura-

287 851 441 895 rum.
533 833 695 894 Nihil
750 841 841 894 est
895 834 1055 893 enim
1112 831 1269 912 quod
1326 841 1447 893 tam
1505 829 1795 893 obtundat
1854 830 2163 911 elevetque
2210 832 2647 912 aegritudinem

290 940 468 1002 quam
514 931 806 1002 perpetua
850 924 911 982 in
959 923 1122 983 omni
1167 923 1284 982 vita
1331 922 1610 1000 cogitatio
1658 919 1806 980 nihil
1842 939 1975 981 esse
2012 922 2173 1001 quod
2212 940 2331 983 non
2371 922 2648 983 accidere

287 1013 504 1093 possit,
552 1029 729 1090 quam
774 1010 1080 1072 meditatio
1129 1009 1490 1071 conditionis
1536 1009 1855 1091 humanae,
1912 1028 2090 1089 quam
2136 1012 2287 1072 vitae
2343 1011 2438 1073 lex
2485 1025 2649 1072 com-

288 1102 693 1179 mentatioque
739 1099 1014 1181 parendi,
1061 1117 1212 1179 quae
1262 1115 1381 1161 non
1426 1098 1544 1159 hoc
1591 1097 1809 1179 adfert,
1855 1106 1922 1160 ut
1971 1115 2207 1180 semper
2254 1117 2648 1181 maereamuS,

289 1187 394 1250 sed
456 1200 523 1249 ut
582 1206 925 1269 numquam.
1017 1187 1225 1268 Neque
1291 1190 1451 1248 enim
1517 1190 1621 1267 qui
1686 1203 1888 1248 rerum
1957 1196 2257 1271 naturam,
2322 1192 2425 1268 qui
2489 1191 2647 1249 vitae

287 1280 657 1358 varietatem,
705 1280 810 1358 qui
853 1276 1300 1339 inbecillitatem
1338 1279 1576 1355 generis
1623 1277 1868 1338 humani
1911 1279 2155 1359 cogitat,
2205 1286 2456 1358 maeret,
2505 1293 2648 1338 cum

288 1366 436 1426 haec
501 1368 746 1448 cogitat,
812 1366 915 1427 sed
983 1375 1111 1428 tum
1175 1366 1267 1427 vel
1330 1367 1584 1426 maxime
1651 1367 1974 1445 sapientiae
2044 1367 2313 1446 fungitur
2376 1384 2649 1428 munere.

286 1454 622 1534 Utrumque
678 1456 836 1516 enim
892 1457 1310 1535 consequitur,
1375 1463 1442 1516 ut
1509 1463 1569 1516 et
1628 1453 2095 1522 considerandis·
2131 1455 2314 1517 rebus
2369 1455 2650 1516 humanis

288 1546 531 1623 proprio
569 1543 974 1624 philosophiae
1014 1544 1248 1605 fruatur
1286 1544 1505 1603 officio'
1531 1550 1591 1604 et
1639 1542 1903 1603 adversis
1926 1549 1931 1552 ⁴
1951 1543 2188 1605 casibus
2234 1544 2455 1625 triplici
2503 1561 2648 1605 con-

289 1632 576 1693 solatione
623 1642 895 1694 sanetur:
942 1636 1230 1713 primum,
1278 1631 1435 1713 quod
1475 1649 1651 1712 posse
1690 1631 1962 1694 accidere
2002 1633 2102 1694 diu
2143 1635 2445 1713 cogitavit,
2493 1649 2648 1713 quae

290 1723 565 1801 cogitatio
613 1740 732 1782 una
780 1725 1030 1783 maxime
1078 1722 1379 1783 molestias
1442 1738 1650 1781 omnes
1706 1730 1988 1783 extenuat
2042 1731 2103 1783 et
2158 1722 2357 1802 diluit3
2412 1722 2649 1803 deinde,

290 1810 449 1889 quod
496 1810 749 1871 humana
796 1810 1053 1872 humane
1092 1809 1336 1872 ferenda
1374 1808 1690 1890 intellegit3
1736 1817 2066 1892 postremo,
2114 1811 2273 1890 quod
2320 1811 2482 1873 videt
2520 1828 2649 1871 ma·

290 1898 414 1960 lum
460 1899 688 1961 nullum
737 1918 870 1961 esse
916 1901 1033 1960 nisi
1080 1899 1341 1979 culpam,
1387 1898 1622 1978 culpam
1660 1906 1859 1960 autem
1905 1900 2129 1960 nullam
2175 1915 2335 1980 esse,
2382 1914 2522 1962 cum
2566 1900 2649 1981 id,

292 1986 450 2067 quod
498 1986 571 2048 ab
617 1989 857 2050 homine
904 2007 1024 2049 non
1071 1989 1335 2067 potuerit
1379 1988 1700 2068 praestari,
1747 1992 2029 2051 evenerit.

466 2076 614 2138 Nam
660 2080 958 2139 revocatio
1005 2076 1130 2158 illa,
1178 2094 1355 2156 quam
1393 2076 1613 2156 adfert,
1661 2094 1798 2136 cum
1846 2089 1878 2137 a
1926 2077 2281 2139 contuendis
2320 2095 2429 2138 nos
2475 2077 2649 2137 malis

288 2174 518 2247 avocat,
577 2166 736 2229 nulla
793 2173 900 2228 est.
990 2165 1123 2227 Non
1182 2175 1273 2226 est
1328 2167 1488 2226 enim
1542 2167 1604 2225 in
1651 2172 1856 2226 nostra
1901 2175 2197 2246 potestate
2246 2164 2647 2227 fodicantibus

289 2319 381 2374 die
410 2320 800 2391 Betraehtung
826 2340 881 2375 u.
903 2339 946 2375 s.
967 2339 1036 2376 w.
1052 2362 1066 2389 ‚
1097 2320 1233 2375 aber
1260 2319 1413 2374 diese

287 2390 572 2460 Prolepsis
582 2391 1163 2447 widerstrethiceros
1176 2390 1253 2460 Sp
1259 2391 1414 2444 rach-

287 2463 592 2533 gebrauch.
671 2462 894 2517 Andere
958 2463 1141 2517 haben
1204 2463 1417 2517 hebetat

291 2533 682 2604 gesehrieben‚
745 2534 880 2589 aber
930 2532 1112 2589 dieses
1163 2531 1414 2589 Verbum

289 2605 465 2660 findet·¹
516 2604 637 2660 sich
691 2623 758 2659 zu
814 2604 1039 2660 Ciceros
1095 2604 1219 2660 Zeit
1269 2604 1417 2659 noch

288 2678 462 2731 nicht.

1522 2326 1616 2375 tur
1644 2320 1960 2392 peraqendo
1996 2321 2208 2388 officio,
2244 2319 2375 2375 weil
2413 2320 2506 2375 die
2543 2320 2650 2375 Be-

1523 2408 1772 2517 sffigungb
1808 2392 1991 2518 ᾀὲξὲθι·
2018 2392 2226 2447 Pflicht
2252 2391 2512 2464 zugleich
2540 2391 2649 2447 Ge-

1521 2480 1562 2517 n
1624 2481 1649 2516 s
1726 2478 1840 2517 erei
1929 2505 1941 2517 .

1594 2534 1841 2588 humana
1901 2535 2136 2590 humane
2197 2534 2442 2601 ferenda.
2514 2531 2647 2604 Vgl.

1525 2605 1578 2659 II
1616 2610 1702 2669 27,
1733 2610 1800 2660 65
1837 2606 2051 2660 morbos
2081 2637 2145 2645 -
2175 2605 2412 2660 humane
2437 2605 2645 2672 ferm.

1577 2693 1641 2730 as
1754 2693 1787 2731 o
1874 2693 1966 2745 pie
2071 2693 2280 2731 amana
2362 2690 2561 2730 mane
2635 2717 2647 2730 .

1526 2676 1574 2730 D
1676 2676 1752 2729 W
1791 2678 1871 2730 rts
1916 2677 1929 2689 '
1966 2677 1989 2731 l
2034 2677 2070 2731 h
2324 2679 2360 2730 h
2605 2677 2642 2742 f

360 2749 556 2803 cecinit
609 2749 850 2818 receptui
905 2773 971 2794 ==
1028 2751 1248 2813 avocat,
1321 2745 1413 2801 ein

287 2819 384 2872 bei
410 2819 681 2873 Dichtern
717 2819 832 2873 und
867 2819 928 2874 in
955 2819 1132 2874 Prosa
1157 2817 1412 2887 haufiges

210 2904 214 2910 ·
290 2888 419 2943 Bild
467 2890 581 2945 fiir:
642 2890 765 2945 ‘das
824 2890 1065 2945 Zeichen
1118 2907 1243 2943 zum
1279 2888 1414 2943 Auf-

291 2961 468 3014 horen
502 2962 727 3029 geben'.

362 3031 633 3100 Epietm'i
694 3032 889 3087 dieunt
954 3047 1081 3085 suo:
1163 3030 1415 3085 niimlieh

291 3103 439 3229 gliti}
465 3102 725 3227 EleganzI
740 3102 801 3155 in
828 3100 937 3155 Sta]
963 3101 1078 3156 und
1096 3101 1412 3157 Ausdruck.

361 3245 449 3300 Ka
492 3216 632 3301 fle.
707 3250 792 3300 34.
808 3215 968 3300 ’male
994 3245 1412 3313 reprehendunt,

291 3317 398 3372 mit
476 3317 676 3372 nreeht
709 3315 931 3385 tadeln,
966 3316 1083 3385 vgl.
1123 3320 1173 3384 2,
1215 3320 1248 3369 3
1286 3315 1415 3369 bene

289 3390 556 3443 iudicare.

360 3461 507 3514 vitae
543 3461 657 3526 lex,
702 3459 754 3516 d.
793 3457 829 3515 i.
866 3475 1125 3528 suprema
1161 3459 1276 3525 lex,
1312 3473 1415 3512 na·

292 3535 452 3585 twrae
487 3531 603 3597 leoe,
657 3531 851 3597 fatum.
926 3530 1048 3584 Ihm
1107 3529 1230 3584 sich
1283 3528 1414 3583 frei-

293 3601 477 3671 willig
512 3600 626 3655 und
664 3601 810 3656 ohne
847 3601 1072 3655 Mul-ren
1117 3619 1184 3655 zu
1225 3601 1415 3655 unter-

293 3672 531 3737 werfen‚
607 3671 809 3726 stellen
876 3672 968 3727 die
1034 3670 1261 3726 Stoiker
1334 3671 1416 3726 als

293 3745 472 3798 erstes
499 3743 613 3797 und
640 3741 1079 3813 vorziigliehstes
1108 3742 1292 3798 Gebot,
1319 3742 1418 3796 der

296 3813 649 3870 Sittliehkeit
693 3812 807 3868 hin.
858 3845 925 3854 —
974 3813 1089 3869 Der
1122 3813 1419 3868 Ausdruck

294 3886 370 3939 ist·¹
406 3885 718 3956 abgekiirzt
743 3884 835 3939 fiir
870 3886 1245 3940 commentatio
1271 3885 1418 3940 vitae

293 3958 442 4026 leyis.
516 3956 646 4026 Vgl.
686 3961 783 4025 25,
815 3961 884 4011 60
920 3957 1207 4011 necessitas
1242 3955 1417 4023 feren-

295 4029 399 4083 dae
435 4028 768 4082 conditionis
806 4058 874 4066 —
901 4028 1170 4096 prohibet.

367 4100 740 4154 commentatio
776 4099 1023 4168 parendi
1030 4119 1048 4152 .·
1093 4098 1145 4152 d.
1193 4097 1231 4153 i.
1281 4113 1417 4169 oom-

295 4170 554 4225 mentatio
607 4171 789 4225 decere
837 4187 938 4225 nos
981 4185 1266 4239 supremae
1311 4169 1423 4238 legi

286 4258 504 4310 parere.

363 4313 500 4382 phil.
538 4313 771 4381 fruatwr
806 4313 1017 4381 officio,
1056 4311 1163 4382 (1.1
1201 4287 1419 4367 detecte-

1522 2747 1600 2801 isl:
1636 2747 1766 2803 dem
1795 2746 2193 2802 Griechisehen
2228 2745 2648 2817 nachgebildet.

1521 2817 1672 2874 Plut.
1712 2834 1861 2873 cons.
1900 2816 1961 2873 ibn
1996 2818 2182 2888 Apoll.
2221 2824 2290 2873 32
2342 2819 2665 2880 πείθοντες

1523 2886 1592 2944 τὰ
1631 2884 1796 2944 ποινὰ
1828 2891 1929 2944 τοῦ
1961 2891 2086 2963 βίου
2117 2884 2500 2978 συμπτώματα
2530 2908 2649 2942 κοι-

1522 2961 1634 3023 νῶς
1669 2959 1870 3029 φέρειν
1906 2961 2005 3015 καὶ
2052 2958 2123 3015 τὰ
2162 2957 2505 3030 ἀνθρώπινα
2543 2954 2647 3014 ἄν·

1521 3034 1839 3100 θρωπίνως.
1884 3031 2036 3087 Aber
2062 3032 2209 3087 auch
2234 3032 2382 3087 ohne
2408 3033 2650 3086 humane

1523 3105 1652 3173 sagt
1687 3102 1800 3159 Cio.
1836 3103 1917 3158 III
1952 3108 1984 3168 ξ
2023 3108 2090 3158 60
2140 3104 2430 3161 necessita-3
2464 3104 2643 3169 feren-

1519 3176 1624 3230 dae
1659 3175 1991 3229 conditionis
2032 3176 2320 3229 humanae.

1583 3247 1893 3315 praestari:
1943 3246 2043 3300 der
2078 3244 2373 3300 Ausdruck
2418 3244 2498 3300 ist
2544 3260 2648 3299 aus

1521 3317 1622 3371 der
1640 3315 2159 3387 Gerichtespraehe‚
2187 3315 2300 3371 ‘fur
2318 3312 2409 3371 die
2431 3315 2648 3370 Sohuld

1523 3388 1675 3443 eines
1734 3388 1948 3442 andem
1983 3388 2087 3458 gut
2121 3387 2339 3458 sagen’,
2383 3387 2508 3442 hier
2552 3400 2649 3441 ne·

1522 3458 1705 3530 gativ:
1774 3458 1960 3514 ‘daftir
2011 3458 2234 3525 stelion,
2291 3458 2415 3514 dass
2471 3458 2649 3513 etwas

1524 3530 1685 3584 nicht
1721 3530 2053 3601 geschieht'.

1595 3606 1680 3656 35.
1737 3601 1920 3656 Nam:
1974 3602 2073 3656 das
2124 3602 2470 3671 sogenannte
2515 3617 2650 3655 nam

1523 3672 1584 3727 111
1620 3672 1720 3727 der
1754 3688 1891 3727 occu
1934 3673 2078 3728 atio:
2131 3671 2260 3726 Von
2305 3671 2405 3726 der
2440 3670 2649 3727 Ablen·

1525 3744 1682 3813 kung
1731 3743 1828 3798 des
1956 3742 2096 3799 istos
2140 3742 2273 3798 rede
2323 3743 2419 3797 ich
2469 3742 2646 3808 nicht,

1526 3815 1673 3869 deun
1707 3832 1761 3870 u.
1802 3832 1843 3869 s.
1881 3834 1949 3871 w.
2022 3815 2098 3869 Es
2132 3813 2274 3869 vird
2310 3814 2431 3868 also
2469 3813 2648 3868 durch

1526 3884 1680 3941 dieue
1717 3885 1939 3941 Formel
1976 3885 2068 3941 die
2095 3885 2340 3940 Erwahn
2495 3884 2649 3940 eines

1526 3972 1708 4012 neuen
1744 3955 1930 4012 Teiles
1981 3956 2316 4027 eingeffihrt.
2339 3901 2521 4025 mssgk
2559 3961 2649 4026 26,

1528 4035 1598 4084 60
1653 4036 1786 4083 nam
1837 4029 1994 4084 illam
2142 4029 2154 4041 '
2326 4028 2646 4083 orationem.

1528 4106 1623 4167 30,
1663 4104 1731 4154 ⁷3
1781 4116 1912 4154 nam
1956 4101 2103 4169 quod
2151 4100 2317 4154 aiunt
2348 4099 2647 4169 plerosque.

1530 4169 1773 4241 Seyffert
1807 4171 1935 4226 Sch.
1973 4172 2100 4226 Lat.
2138 4171 2165 4224 I
2200 4188 2255 4240 p.
2293 4177 2364 4225 30
2391 4170 2430 4225 f.

1598 4241 2000 4309 fodicantibuS,
2035 4242 2151 4312 vgl.
2188 4242 2242 4296 11
2278 4246 2310 4308 ἓ
2339 4247 2407 4297 33
2436 4243 2649 4313 μωρὰ

1506 4314 1684 4399 ἱἀοῖον
1720 4314 1802 4369 vel
1836 4313 2017 4380 fodiat
2052 4329 2199 4369 sane.
