<?xml version="1.0" encoding="UTF-8"?>
<!DOCTYPE html PUBLIC "-//W3C//DTD XHTML 1.0 Transitional//EN"
    "http://www.w3.org/TR/xhtml1/DTD/xhtml1-transitional.dtd">
<html xmlns="http://www.w3.org/1999/xhtml" xml:lang="en" lang="en">
 <head>
  <title>
</title>
<meta http-equiv="Content-Type" content="text/html;charset=utf-8" />
  <meta name='ocr-system' content='tesseract 3.04.00' />
  <meta name='ocr-capabilities' content='ocr_page ocr_carea ocr_par ocr_line ocrx_word'/>
</head>
<body>
  <div class='ocr_page' id='page_1' title='image "./ciceronistuscul00heingoog_0276.png"; bbox 0 0 2902 4649; ppageno 0'>
   <div class='ocr_carea' id='block_1_1' title="bbox 312 154 1880 221">
    <p class='ocr_par' dir='ltr' id='par_1_1' title="bbox 312 154 1880 221">
     <span class='ocr_line' id='line_1_1' title="bbox 312 154 1880 221; baseline -0.006 0"><span class='ocrx_word' id='word_1_1' title='bbox 312 157 441 221; x_wconf 87' lang='lat'><strong>140</strong></span> <span class='ocrx_word' id='word_1_2' title='bbox 1100 156 1175 211; x_wconf 84' lang='lat' dir='ltr'><strong>M.</strong></span> <span class='ocrx_word' id='word_1_3' title='bbox 1217 154 1460 211; x_wconf 84' lang='lat' dir='ltr'>TULLII</span> <span class='ocrx_word' id='word_1_4' title='bbox 1498 154 1880 212; x_wconf 85' lang='lat' dir='ltr'>CICERONIS</span> 
     </span>
    </p>
   </div>
   <div class='ocr_carea' id='block_1_2' title="bbox 199 321 2669 2184">
    <p class='ocr_par' dir='ltr' id='par_1_2' title="bbox 199 321 2669 2184">
     <span class='ocr_line' id='line_1_2' title="bbox 308 321 2661 405; baseline 0 -21"><span class='ocrx_word' id='word_1_5' title='bbox 308 340 459 404; x_wconf 92' lang='lat' dir='ltr'><strong>quae</strong></span> <span class='ocrx_word' id='word_1_6' title='bbox 517 323 853 388; x_wconf 80' lang='lat' dir='ltr'><strong>stabilitatis</strong></span> <span class='ocrx_word' id='word_1_7' title='bbox 911 323 1132 403; x_wconf 88' lang='lat' dir='ltr'><strong>aliquid</strong></span> <span class='ocrx_word' id='word_1_8' title='bbox 1186 321 1470 404; x_wconf 84' lang='lat' dir='ltr'><strong>habeant3</strong></span> <span class='ocrx_word' id='word_1_9' title='bbox 1526 341 1662 384; x_wconf 90' lang='lat' dir='ltr'><strong>nam</strong></span> <span class='ocrx_word' id='word_1_10' title='bbox 1708 323 2032 403; x_wconf 86' lang='lat' dir='ltr'><strong>Aristonis,</strong></span> <span class='ocrx_word' id='word_1_11' title='bbox 2086 322 2440 405; x_wconf 80' lang='lat' dir='ltr'><strong>PyrrhoniS,</strong></span> <span class='ocrx_word' id='word_1_12' title='bbox 2493 322 2661 384; x_wconf 86' lang='lat' dir='ltr'><strong>Erilli</strong></span> 
     </span>
     <span class='ocr_line' id='line_1_3' title="bbox 306 409 2657 494; baseline 0 -20"><span class='ocrx_word' id='word_1_13' title='bbox 306 412 850 494; x_wconf 72' lang='lat' dir='ltr'><strong>nonnullorumque</strong></span> <span class='ocrx_word' id='word_1_14' title='bbox 924 409 1191 487; x_wconf 68' lang='lat' dir='ltr'><strong>aliorum}</strong></span> <span class='ocrx_word' id='word_1_15' title='bbox 1249 420 1637 473; x_wconf 88' lang='lat' dir='ltr'><strong>evanuerunt.</strong></span> <span class='ocrx_word' id='word_1_16' title='bbox 1729 411 1805 473; x_wconf 91' lang='lat' dir='ltr'><strong>Hi</strong></span> <span class='ocrx_word' id='word_1_17' title='bbox 1880 413 2027 491; x_wconf 89' lang='lat' dir='ltr'><strong>quid·</strong></span> <span class='ocrx_word' id='word_1_18' title='bbox 2095 414 2331 492; x_wconf 86' lang='lat' dir='ltr'><strong>possint</strong></span> <span class='ocrx_word' id='word_1_19' title='bbox 2389 412 2657 474; x_wconf 87' lang='lat' dir='ltr'><strong>obtinere</strong></span> 
     </span>
     <span class='ocr_line' id='line_1_4' title="bbox 308 500 2659 583; baseline 0 -21"><span class='ocrx_word' id='word_1_20' title='bbox 308 501 612 563; x_wconf 87' lang='lat' dir='ltr'><strong>videamus</strong></span> <span class='ocrx_word' id='word_1_21' title='bbox 667 504 904 564; x_wconf 88' lang='lat' dir='ltr'><strong>omissis</strong></span> <span class='ocrx_word' id='word_1_22' title='bbox 962 502 1177 564; x_wconf 83' lang='lat' dir='ltr'><strong>Stoicis</strong></span> <span class='ocrx_word' id='word_1_23' title='bbox 1186 549 1205 583; x_wconf 92' lang='lat'><strong>,</strong></span> <span class='ocrx_word' id='word_1_24' title='bbox 1266 519 1522 582; x_wconf 89' lang='lat' dir='ltr'><strong>quorum</strong></span> <span class='ocrx_word' id='word_1_25' title='bbox 1579 503 1721 563; x_wconf 87' lang='lat' dir='ltr'><strong>satis</strong></span> <span class='ocrx_word' id='word_1_26' title='bbox 1768 501 1972 562; x_wconf 85' lang='lat' dir='ltr'><strong>videor</strong></span> <span class='ocrx_word' id='word_1_27' title='bbox 2026 500 2365 563; x_wconf 79' lang='lat' dir='ltr'><strong>defendisse</strong></span> <span class='ocrx_word' id='word_1_28' title='bbox 2427 509 2659 563; x_wconf 85' lang='lat' dir='ltr'><strong>sentcn-</strong></span> 
     </span>
     <span class='ocr_line' id='line_1_5' title="bbox 306 590 2659 671; baseline -0 -19"><span class='ocrx_word' id='word_1_29' title='bbox 306 593 466 653; x_wconf 92' lang='lat' dir='ltr'><strong>tiam.</strong></span> <span class='ocrx_word' id='word_1_30' title='bbox 560 590 641 652; x_wconf 89' lang='lat' dir='ltr'><strong>Et</strong></span> <span class='ocrx_word' id='word_1_31' title='bbox 701 591 1242 671; x_wconf 81' lang='lat' dir='ltr'><strong>Peripateticorum</strong></span> <span class='ocrx_word' id='word_1_32' title='bbox 1314 591 1557 671; x_wconf 90' lang='lat' dir='ltr'><strong>quidem</strong></span> <span class='ocrx_word' id='word_1_33' title='bbox 1630 590 1918 671; x_wconf 87' lang='lat' dir='ltr'><strong>explicata</strong></span> <span class='ocrx_word' id='word_1_34' title='bbox 1993 608 2170 652; x_wconf 89' lang='lat' dir='ltr'><strong>causa</strong></span> <span class='ocrx_word' id='word_1_35' title='bbox 2234 600 2351 652; x_wconf 88' lang='lat' dir='ltr'><strong>est:</strong></span> <span class='ocrx_word' id='word_1_36' title='bbox 2423 598 2659 670; x_wconf 89' lang='lat' dir='ltr'><strong>praeter</strong></span> 
     </span>
     <span class='ocr_line' id='line_1_6' title="bbox 307 677 2658 760; baseline 0 -20"><span class='ocrx_word' id='word_1_37' title='bbox 307 680 787 760; x_wconf 86' lang='lat' dir='ltr'><strong>Theophrastum</strong></span> <span class='ocrx_word' id='word_1_38' title='bbox 843 689 904 742; x_wconf 92' lang='lat' dir='ltr'><strong>et</strong></span> <span class='ocrx_word' id='word_1_39' title='bbox 958 683 1010 742; x_wconf 91' lang='lat' dir='ltr'><strong>si</strong></span> <span class='ocrx_word' id='word_1_40' title='bbox 1067 682 1171 760; x_wconf 91' lang='lat' dir='ltr'><strong>qui</strong></span> <span class='ocrx_word' id='word_1_41' title='bbox 1226 680 1395 741; x_wconf 92' lang='lat' dir='ltr'><strong>illum</strong></span> <span class='ocrx_word' id='word_1_42' title='bbox 1451 682 1645 741; x_wconf 89' lang='lat' dir='ltr'><strong>secuti</strong></span> <span class='ocrx_word' id='word_1_43' title='bbox 1698 678 2035 741; x_wconf 83' lang='lat' dir='ltr'><strong>inbecillius</strong></span> <span class='ocrx_word' id='word_1_44' title='bbox 2088 678 2341 748; x_wconf 85' lang='lat' dir='ltr'><strong>horrent</strong></span> <span class='ocrx_word' id='word_1_45' title='bbox 2394 677 2658 741; x_wconf 85' lang='lat' dir='ltr'><strong>dolorem</strong></span> 
     </span>
     <span class='ocr_line' id='line_1_7' title="bbox 226 767 2663 852; baseline -0.002 -19"><span class='ocrx_word' id='word_1_46' title='bbox 226 830 229 833; x_wconf 84' lang='grc'><strong>,</strong></span> <span class='ocrx_word' id='word_1_47' title='bbox 308 778 369 830; x_wconf 88' lang='lat' dir='ltr'><strong>et</strong></span> <span class='ocrx_word' id='word_1_48' title='bbox 416 769 829 852; x_wconf 82' lang='lat' dir='ltr'><strong>reformidant,</strong></span> <span class='ocrx_word' id='word_1_49' title='bbox 885 770 1133 851; x_wconf 89' lang='lat' dir='ltr'><strong>reliquis</strong></span> <span class='ocrx_word' id='word_1_50' title='bbox 1181 769 1422 848; x_wconf 88' lang='lat' dir='ltr'><strong>quidem</strong></span> <span class='ocrx_word' id='word_1_51' title='bbox 1466 769 1609 830; x_wconf 88' lang='lat' dir='ltr'><strong>licet</strong></span> <span class='ocrx_word' id='word_1_52' title='bbox 1654 769 1851 830; x_wconf 81' lang='lat' dir='ltr'><strong>facere</strong></span> <span class='ocrx_word' id='word_1_53' title='bbox 1896 767 1987 850; x_wconf 92' lang='lat' dir='ltr'><strong>id,</strong></span> <span class='ocrx_word' id='word_1_54' title='bbox 2042 767 2201 848; x_wconf 89' lang='lat' dir='ltr'><strong>quod</strong></span> <span class='ocrx_word' id='word_1_55' title='bbox 2249 768 2374 830; x_wconf 87' lang='lat' dir='ltr'><strong>fere</strong></span> <span class='ocrx_word' id='word_1_56' title='bbox 2420 769 2663 850; x_wconf 85' lang='lat' dir='ltr'><strong>faciunt,</strong></span> 
     </span>
     <span class='ocr_line' id='line_1_8' title="bbox 307 855 2660 939; baseline -0.001 -19"><span class='ocrx_word' id='word_1_57' title='bbox 307 867 376 919; x_wconf 87' lang='lat' dir='ltr'><strong>ut</strong></span> <span class='ocrx_word' id='word_1_58' title='bbox 434 860 782 938; x_wconf 86' lang='lat' dir='ltr'><strong>gravitatem</strong></span> <span class='ocrx_word' id='word_1_59' title='bbox 841 858 1307 939; x_wconf 83' lang='lat' dir='ltr'><strong>dignitatemque</strong></span> <span class='ocrx_word' id='word_1_60' title='bbox 1368 860 1608 920; x_wconf 87' lang='lat' dir='ltr'><strong>virtutis</strong></span> <span class='ocrx_word' id='word_1_61' title='bbox 1673 864 2050 938; x_wconf 82' lang='lat' dir='ltr'><strong>exaggerent.</strong></span> <span class='ocrx_word' id='word_1_62' title='bbox 2142 855 2331 927; x_wconf 86' lang='lat' dir='ltr'><strong>Quam</strong></span> <span class='ocrx_word' id='word_1_63' title='bbox 2392 874 2529 918; x_wconf 90' lang='lat' dir='ltr'><strong>cum</strong></span> <span class='ocrx_word' id='word_1_64' title='bbox 2588 856 2660 917; x_wconf 91' lang='lat' dir='ltr'><strong>ad</strong></span> 
     </span>
     <span class='ocr_line' id='line_1_9' title="bbox 308 944 2654 1030; baseline -0.001 -21"><span class='ocrx_word' id='word_1_65' title='bbox 308 947 538 1009; x_wconf 90' lang='lat' dir='ltr'><strong>caelum</strong></span> <span class='ocrx_word' id='word_1_66' title='bbox 585 947 945 1030; x_wconf 87' lang='lat' dir='ltr'><strong>extulerunt,</strong></span> <span class='ocrx_word' id='word_1_67' title='bbox 994 946 1151 1028; x_wconf 89' lang='lat' dir='ltr'><strong>quod</strong></span> <span class='ocrx_word' id='word_1_68' title='bbox 1199 947 1396 1009; x_wconf 87' lang='lat' dir='ltr'><strong>facere</strong></span> <span class='ocrx_word' id='word_1_69' title='bbox 1442 946 1794 1027; x_wconf 86' lang='lat' dir='ltr'><strong>eloquentes</strong></span> <span class='ocrx_word' id='word_1_70' title='bbox 1838 946 2110 1007; x_wconf 89' lang='lat' dir='ltr'><strong>homines</strong></span> <span class='ocrx_word' id='word_1_71' title='bbox 2157 947 2397 1026; x_wconf 84' lang='lat' dir='ltr'><strong>copiose</strong></span> <span class='ocrx_word' id='word_1_72' title='bbox 2440 944 2654 1026; x_wconf 87' lang='lat' dir='ltr'><strong>solent,</strong></span> 
     </span>
     <span class='ocr_line' id='line_1_10' title="bbox 307 1033 2664 1116; baseline -0 -19"><span class='ocrx_word' id='word_1_73' title='bbox 307 1036 536 1116; x_wconf 88' lang='lat' dir='ltr'><strong>reliqua</strong></span> <span class='ocrx_word' id='word_1_74' title='bbox 584 1055 654 1097; x_wconf 87' lang='lat' dir='ltr'><strong>ex</strong></span> <span class='ocrx_word' id='word_1_75' title='bbox 702 1037 1038 1099; x_wconf 89' lang='lat' dir='ltr'><strong>conlatione</strong></span> <span class='ocrx_word' id='word_1_76' title='bbox 1085 1035 1254 1097; x_wconf 87' lang='lat' dir='ltr'><strong>facile</strong></span> <span class='ocrx_word' id='word_1_77' title='bbox 1302 1044 1395 1097; x_wconf 89' lang='lat' dir='ltr'><strong>est</strong></span> <span class='ocrx_word' id='word_1_78' title='bbox 1440 1044 1754 1097; x_wconf 87' lang='lat' dir='ltr'><strong>conterere</strong></span> <span class='ocrx_word' id='word_1_79' title='bbox 1811 1044 1988 1115; x_wconf 87' lang='lat' dir='ltr'><strong>atque</strong></span> <span class='ocrx_word' id='word_1_80' title='bbox 2046 1042 2448 1097; x_wconf 79' lang='lat' dir='ltr'><strong>contemnere.</strong></span> <span class='ocrx_word' id='word_1_81' title='bbox 2538 1033 2664 1096; x_wconf 89' lang='lat' dir='ltr'><strong>Nec</strong></span> 
     </span>
     <span class='ocr_line' id='line_1_11' title="bbox 309 1124 2667 1207; baseline -0 -22"><span class='ocrx_word' id='word_1_82' title='bbox 309 1127 468 1186; x_wconf 89' lang='lat' dir='ltr'><strong>enim</strong></span> <span class='ocrx_word' id='word_1_83' title='bbox 513 1124 654 1187; x_wconf 88' lang='lat' dir='ltr'><strong>licet</strong></span> <span class='ocrx_word' id='word_1_84' title='bbox 698 1128 799 1207; x_wconf 91' lang='lat' dir='ltr'><strong>iis,</strong></span> <span class='ocrx_word' id='word_1_85' title='bbox 857 1129 961 1206; x_wconf 88' lang='lat' dir='ltr'><strong>qui</strong></span> <span class='ocrx_word' id='word_1_86' title='bbox 1003 1125 1242 1190; x_wconf 87' lang='lat' dir='ltr'><strong>laudem</strong></span> <span class='ocrx_word' id='word_1_87' title='bbox 1290 1143 1427 1186; x_wconf 86' lang='lat' dir='ltr'><strong>cum</strong></span> <span class='ocrx_word' id='word_1_88' title='bbox 1475 1124 1681 1186; x_wconf 90' lang='lat' dir='ltr'><strong>dolore</strong></span> <span class='ocrx_word' id='word_1_89' title='bbox 1728 1124 2044 1204; x_wconf 87' lang='lat' dir='ltr'><strong>petendam</strong></span> <span class='ocrx_word' id='word_1_90' title='bbox 2091 1142 2222 1185; x_wconf 88' lang='lat' dir='ltr'><strong>esse</strong></span> <span class='ocrx_word' id='word_1_91' title='bbox 2270 1124 2501 1205; x_wconf 89' lang='lat' dir='ltr'><strong>dicant,</strong></span> <span class='ocrx_word' id='word_1_92' title='bbox 2526 1161 2531 1168; x_wconf 93' lang='lat'>-</span> <span class='ocrx_word' id='word_1_93' title='bbox 2559 1141 2667 1185; x_wconf 87' lang='lat' dir='ltr'><strong>ne—</strong></span> 
     </span>
     <span class='ocr_line' id='line_1_12' title="bbox 308 1213 2667 1296; baseline 0 -21"><span class='ocrx_word' id='word_1_94' title='bbox 308 1232 447 1293; x_wconf 84' lang='lat' dir='ltr'><strong>gare</strong></span> <span class='ocrx_word' id='word_1_95' title='bbox 494 1233 598 1294; x_wconf 84' lang='lat' dir='ltr'><strong>eos</strong></span> <span class='ocrx_word' id='word_1_96' title='bbox 645 1233 780 1276; x_wconf 91' lang='lat' dir='ltr'><strong>esse</strong></span> <span class='ocrx_word' id='word_1_97' title='bbox 824 1214 1049 1296; x_wconf 80' lang='lat' dir='ltr'><strong>heatoS,</strong></span> <span class='ocrx_word' id='word_1_98' title='bbox 1095 1216 1199 1294; x_wconf 91' lang='lat' dir='ltr'><strong>qui</strong></span> <span class='ocrx_word' id='word_1_99' title='bbox 1243 1214 1402 1275; x_wconf 87' lang='lat' dir='ltr'><strong>illam</strong></span> <span class='ocrx_word' id='word_1_100' title='bbox 1451 1214 1649 1294; x_wconf 87' lang='lat' dir='ltr'><strong>adepti</strong></span> <span class='ocrx_word' id='word_1_101' title='bbox 1695 1221 1851 1275; x_wconf 88' lang='lat' dir='ltr'><strong>sunt.</strong></span> <span class='ocrx_word' id='word_1_102' title='bbox 1928 1213 2298 1292; x_wconf 86' lang='lat' dir='ltr'><strong>Quamquam</strong></span> <span class='ocrx_word' id='word_1_103' title='bbox 2344 1214 2505 1274; x_wconf 88' lang='lat' dir='ltr'><strong>enim</strong></span> <span class='ocrx_word' id='word_1_104' title='bbox 2543 1214 2667 1275; x_wconf 89' lang='lat' dir='ltr'><strong>sint</strong></span> 
     </span>
     <span class='ocr_line' id='line_1_13' title="bbox 201 1301 2661 1394; baseline 0 -31"><span class='ocrx_word' id='word_1_105' title='bbox 201 1306 369 1394; x_wconf 78' lang='lat' dir='ltr'><strong>31in</strong></span> <span class='ocrx_word' id='word_1_106' title='bbox 418 1302 772 1382; x_wconf 88' lang='lat' dir='ltr'><strong>quibusdam</strong></span> <span class='ocrx_word' id='word_1_107' title='bbox 830 1303 998 1366; x_wconf 89' lang='lat' dir='ltr'><strong>malis</strong></span> <span class='ocrx_word' id='word_1_108' title='bbox 1007 1352 1025 1385; x_wconf 94' lang='lat'><strong>,</strong></span> <span class='ocrx_word' id='word_1_109' title='bbox 1078 1312 1278 1365; x_wconf 89' lang='lat' dir='ltr'><strong>tamen</strong></span> <span class='ocrx_word' id='word_1_110' title='bbox 1333 1303 1448 1364; x_wconf 88' lang='grc'>1100</span> <span class='ocrx_word' id='word_1_111' title='bbox 1504 1321 1722 1365; x_wconf 87' lang='lat' dir='ltr'><strong>nomen</strong></span> <span class='ocrx_word' id='word_1_112' title='bbox 1776 1301 1938 1364; x_wconf 87' lang='lat' dir='ltr'><strong>beati</strong></span> <span class='ocrx_word' id='word_1_113' title='bbox 1991 1301 2165 1381; x_wconf 83' lang='lat' dir='ltr'><strong>longe</strong></span> <span class='ocrx_word' id='word_1_114' title='bbox 2214 1310 2275 1364; x_wconf 89' lang='lat' dir='ltr'><strong>et</strong></span> <span class='ocrx_word' id='word_1_115' title='bbox 2317 1301 2433 1364; x_wconf 88' lang='lat' dir='ltr'><strong>late</strong></span> <span class='ocrx_word' id='word_1_116' title='bbox 2477 1309 2661 1381; x_wconf 91' lang='lat' dir='ltr'><strong>patet.</strong></span> 
     </span>
     <span class='ocr_line' id='line_1_14' title="bbox 218 1390 2666 1473; baseline -0.001 -21"><span class='ocrx_word' id='word_1_117' title='bbox 218 1409 286 1460; x_wconf 84' lang='lat'><strong>86</strong></span> <span class='ocrx_word' id='word_1_118' title='bbox 306 1391 455 1453; x_wconf 89' lang='lat' dir='ltr'><strong>Nam</strong></span> <span class='ocrx_word' id='word_1_119' title='bbox 519 1402 587 1454; x_wconf 86' lang='lat' dir='ltr'><strong>ut</strong></span> <span class='ocrx_word' id='word_1_120' title='bbox 652 1400 1010 1472; x_wconf 89' lang='lat' dir='ltr'><strong>quaestuosa</strong></span> <span class='ocrx_word' id='word_1_121' title='bbox 1066 1400 1430 1473; x_wconf 87' lang='lat' dir='ltr'><strong>mercatura,</strong></span> <span class='ocrx_word' id='word_1_122' title='bbox 1494 1393 1801 1453; x_wconf 80' lang='lat' dir='ltr'><strong>fructuosa</strong></span> <span class='ocrx_word' id='word_1_123' title='bbox 1865 1394 2050 1452; x_wconf 86' lang='lat' dir='ltr'><strong>aratio</strong></span> <span class='ocrx_word' id='word_1_124' title='bbox 2114 1390 2361 1472; x_wconf 88' lang='lat' dir='ltr'><strong>dicitur,</strong></span> <span class='ocrx_word' id='word_1_125' title='bbox 2423 1408 2546 1451; x_wconf 92' lang='lat' dir='ltr'><strong>non</strong></span> <span class='ocrx_word' id='word_1_126' title='bbox 2610 1391 2666 1451; x_wconf 85' lang='lat' dir='ltr'><strong>si</strong></span> 
     </span>
     <span class='ocr_line' id='line_1_15' title="bbox 307 1478 2663 1563; baseline -0.001 -22"><span class='ocrx_word' id='word_1_127' title='bbox 307 1480 491 1542; x_wconf 87' lang='lat' dir='ltr'><strong>altera</strong></span> <span class='ocrx_word' id='word_1_128' title='bbox 538 1499 775 1562; x_wconf 90' lang='lat' dir='ltr'><strong>semper</strong></span> <span class='ocrx_word' id='word_1_129' title='bbox 820 1484 982 1542; x_wconf 88' lang='lat' dir='ltr'><strong>omni</strong></span> <span class='ocrx_word' id='word_1_130' title='bbox 1029 1482 1262 1563; x_wconf 87' lang='lat' dir='ltr'><strong>damno,</strong></span> <span class='ocrx_word' id='word_1_131' title='bbox 1308 1481 1494 1542; x_wconf 87' lang='lat' dir='ltr'><strong>altera</strong></span> <span class='ocrx_word' id='word_1_132' title='bbox 1531 1483 1693 1542; x_wconf 87' lang='lat' dir='ltr'><strong>omni</strong></span> <span class='ocrx_word' id='word_1_133' title='bbox 1731 1481 2101 1559; x_wconf 87' lang='lat' dir='ltr'><strong>tempestatis</strong></span> <span class='ocrx_word' id='word_1_134' title='bbox 2139 1478 2468 1541; x_wconf 88' lang='lat' dir='ltr'><strong>calamitate</strong></span> <span class='ocrx_word' id='word_1_135' title='bbox 2508 1497 2663 1541; x_wconf 82' lang='lat' dir='ltr'><strong>sem-</strong></span> 
     </span>
     <span class='ocr_line' id='line_1_16' title="bbox 303 1568 2665 1650; baseline 0 -20"><span class='ocrx_word' id='word_1_136' title='bbox 303 1588 415 1649; x_wconf 89' lang='lat' dir='ltr'><strong>per</strong></span> <span class='ocrx_word' id='word_1_137' title='bbox 459 1578 654 1650; x_wconf 82' lang='lat' dir='ltr'><strong>vacat,</strong></span> <span class='ocrx_word' id='word_1_138' title='bbox 711 1570 816 1631; x_wconf 88' lang='lat' dir='ltr'><strong>sed</strong></span> <span class='ocrx_word' id='word_1_139' title='bbox 873 1573 925 1631; x_wconf 89' lang='lat' dir='ltr'><strong>si</strong></span> <span class='ocrx_word' id='word_1_140' title='bbox 981 1570 1166 1631; x_wconf 89' lang='lat' dir='ltr'><strong>multo</strong></span> <span class='ocrx_word' id='word_1_141' title='bbox 1222 1573 1446 1632; x_wconf 89' lang='lat' dir='ltr'><strong>maiore</strong></span> <span class='ocrx_word' id='word_1_142' title='bbox 1494 1589 1566 1631; x_wconf 87' lang='lat' dir='ltr'><strong>ex</strong></span> <span class='ocrx_word' id='word_1_143' title='bbox 1612 1578 1781 1650; x_wconf 84' lang='lat' dir='ltr'><strong>parte</strong></span> <span class='ocrx_word' id='word_1_144' title='bbox 1829 1577 2022 1630; x_wconf 87' lang='lat' dir='ltr'><strong>exstat</strong></span> <span class='ocrx_word' id='word_1_145' title='bbox 2066 1571 2129 1629; x_wconf 93' lang='lat' dir='ltr'><strong>in</strong></span> <span class='ocrx_word' id='word_1_146' title='bbox 2176 1577 2430 1648; x_wconf 86' lang='lat' dir='ltr'><strong>utraque</strong></span> <span class='ocrx_word' id='word_1_147' title='bbox 2476 1568 2665 1631; x_wconf 85' lang='lat' dir='ltr'><strong>felici-</strong></span> 
     </span>
     <span class='ocr_line' id='line_1_17' title="bbox 305 1655 2665 1740; baseline -0.001 -21"><span class='ocrx_word' id='word_1_148' title='bbox 305 1667 416 1740; x_wconf 86' lang='lat' dir='ltr'><strong>tas,</strong></span> <span class='ocrx_word' id='word_1_149' title='bbox 463 1662 549 1720; x_wconf 88' lang='lat' dir='ltr'><strong>sic</strong></span> <span class='ocrx_word' id='word_1_150' title='bbox 593 1662 713 1720; x_wconf 84' lang='lat' dir='ltr'><strong>vita</strong></span> <span class='ocrx_word' id='word_1_151' title='bbox 759 1677 880 1720; x_wconf 89' lang='lat' dir='ltr'><strong>non</strong></span> <span class='ocrx_word' id='word_1_152' title='bbox 927 1658 1123 1721; x_wconf 89' lang='lat' dir='ltr'><strong>solum</strong></span> <span class='ocrx_word' id='word_1_153' title='bbox 1168 1661 1218 1720; x_wconf 89' lang='lat' dir='ltr'><strong>si</strong></span> <span class='ocrx_word' id='word_1_154' title='bbox 1266 1659 1531 1738; x_wconf 91' lang='lat' dir='ltr'><strong>undique</strong></span> <span class='ocrx_word' id='word_1_155' title='bbox 1575 1659 1799 1719; x_wconf 77' lang='lat' dir='ltr'><strong>referta</strong></span> <span class='ocrx_word' id='word_1_156' title='bbox 1843 1657 2019 1718; x_wconf 87' lang='lat' dir='ltr'><strong>honis</strong></span> <span class='ocrx_word' id='word_1_157' title='bbox 2066 1661 2176 1739; x_wconf 79' lang='lat' dir='ltr'><strong>est,</strong></span> <span class='ocrx_word' id='word_1_158' title='bbox 2224 1655 2326 1718; x_wconf 91' lang='lat' dir='ltr'><strong>sed</strong></span> <span class='ocrx_word' id='word_1_159' title='bbox 2377 1658 2427 1717; x_wconf 90' lang='lat' dir='ltr'><strong>si</strong></span> <span class='ocrx_word' id='word_1_160' title='bbox 2474 1656 2665 1717; x_wconf 89' lang='lat' dir='ltr'><strong>multo</strong></span> 
     </span>
     <span class='ocr_line' id='line_1_18' title="bbox 231 1744 2668 1828; baseline -0.001 -20"><span class='ocrx_word' id='word_1_161' title='bbox 231 1814 244 1826; x_wconf 54' lang='lat'>‚</span> <span class='ocrx_word' id='word_1_162' title='bbox 306 1750 528 1809; x_wconf 89' lang='lat' dir='ltr'><strong>maiore</strong></span> <span class='ocrx_word' id='word_1_163' title='bbox 590 1756 652 1808; x_wconf 92' lang='lat' dir='ltr'><strong>et</strong></span> <span class='ocrx_word' id='word_1_164' title='bbox 713 1750 982 1826; x_wconf 84' lang='lat' dir='ltr'><strong>graviore</strong></span> <span class='ocrx_word' id='word_1_165' title='bbox 1043 1767 1114 1809; x_wconf 88' lang='lat' dir='ltr'><strong>ex</strong></span> <span class='ocrx_word' id='word_1_166' title='bbox 1173 1756 1342 1828; x_wconf 89' lang='lat' dir='ltr'><strong>parte</strong></span> <span class='ocrx_word' id='word_1_167' title='bbox 1403 1746 1560 1808; x_wconf 87' lang='lat' dir='ltr'><strong>bona</strong></span> <span class='ocrx_word' id='word_1_168' title='bbox 1618 1747 2019 1828; x_wconf 89' lang='lat' dir='ltr'><strong>propendent,</strong></span> <span class='ocrx_word' id='word_1_169' title='bbox 2090 1744 2260 1807; x_wconf 87' lang='lat' dir='ltr'><strong>beata</strong></span> <span class='ocrx_word' id='word_1_170' title='bbox 2320 1753 2485 1808; x_wconf 90' lang='lat' dir='ltr'><strong>recte</strong></span> <span class='ocrx_word' id='word_1_171' title='bbox 2548 1745 2668 1807; x_wconf 86' lang='lat' dir='ltr'><strong>dici</strong></span> 
     </span>
     <span class='ocr_line' id='line_1_19' title="bbox 218 1832 2667 1917; baseline -0.002 -18"><span class='ocrx_word' id='word_1_172' title='bbox 218 1849 285 1899; x_wconf 81' lang='lat'><strong>87</strong></span> <span class='ocrx_word' id='word_1_173' title='bbox 305 1845 521 1917; x_wconf 87' lang='lat' dir='ltr'><strong>potest.</strong></span> <span class='ocrx_word' id='word_1_174' title='bbox 618 1836 918 1916; x_wconf 87' lang='lat' dir='ltr'><strong>Sequetur</strong></span> <span class='ocrx_word' id='word_1_175' title='bbox 976 1839 1161 1916; x_wconf 85' lang='lat' dir='ltr'><strong>igitur</strong></span> <span class='ocrx_word' id='word_1_176' title='bbox 1219 1836 1435 1898; x_wconf 87' lang='lat' dir='ltr'><strong>horum</strong></span> <span class='ocrx_word' id='word_1_177' title='bbox 1496 1838 1725 1898; x_wconf 87' lang='lat' dir='ltr'><strong>ratione</strong></span> <span class='ocrx_word' id='word_1_178' title='bbox 1786 1834 1877 1896; x_wconf 86' lang='lat' dir='ltr'><strong>vel</strong></span> <span class='ocrx_word' id='word_1_179' title='bbox 1938 1835 2010 1896; x_wconf 92' lang='lat' dir='ltr'><strong>ad</strong></span> <span class='ocrx_word' id='word_1_180' title='bbox 2071 1834 2429 1914; x_wconf 90' lang='lat' dir='ltr'><strong>supplicium</strong></span> <span class='ocrx_word' id='word_1_181' title='bbox 2489 1832 2667 1895; x_wconf 85' lang='lat' dir='ltr'><strong>beata</strong></span> 
     </span>
     <span class='ocr_line' id='line_1_20' title="bbox 307 1921 2668 2004; baseline -0.002 -17"><span class='ocrx_word' id='word_1_182' title='bbox 307 1927 425 1987; x_wconf 87' lang='lat' dir='ltr'><strong>vita</strong></span> <span class='ocrx_word' id='word_1_183' title='bbox 471 1928 755 1986; x_wconf 87' lang='lat' dir='ltr'><strong>virtutem</strong></span> <span class='ocrx_word' id='word_1_184' title='bbox 816 1943 1073 2004; x_wconf 88' lang='lat' dir='ltr'><strong>cumque</strong></span> <span class='ocrx_word' id='word_1_185' title='bbox 1136 1943 1204 1986; x_wconf 89' lang='lat' dir='ltr'><strong>ea</strong></span> <span class='ocrx_word' id='word_1_186' title='bbox 1263 1924 1589 1986; x_wconf 86' lang='lat' dir='ltr'><strong>descendet</strong></span> <span class='ocrx_word' id='word_1_187' title='bbox 1646 1927 1709 1985; x_wconf 90' lang='lat' dir='ltr'><strong>in</strong></span> <span class='ocrx_word' id='word_1_188' title='bbox 1768 1932 2009 1985; x_wconf 89' lang='lat' dir='ltr'><strong>taurum</strong></span> <span class='ocrx_word' id='word_1_189' title='bbox 2063 1921 2408 2004; x_wconf 86' lang='lat' dir='ltr'><strong>Aristotele,</strong></span> <span class='ocrx_word' id='word_1_190' title='bbox 2468 1921 2668 1984; x_wconf 89' lang='lat' dir='ltr'><strong>Xeno·</strong></span> 
     </span>
     <span class='ocr_line' id='line_1_21' title="bbox 199 2010 2666 2097; baseline -0.001 -21"><span class='ocrx_word' id='word_1_191' title='bbox 199 2038 208 2050; x_wconf 91' lang='lat'><strong>·</strong></span> <span class='ocrx_word' id='word_1_192' title='bbox 306 2024 489 2097; x_wconf 86' lang='lat' dir='ltr'><strong>crate,</strong></span> <span class='ocrx_word' id='word_1_193' title='bbox 511 2014 888 2095; x_wconf 87' lang='lat' dir='ltr'><strong>Speusippo,</strong></span> <span class='ocrx_word' id='word_1_194' title='bbox 934 2013 1255 2083; x_wconf 86' lang='lat' dir='ltr'><strong>Polemone</strong></span> <span class='ocrx_word' id='word_1_195' title='bbox 1304 2013 1670 2096; x_wconf 80' lang='lat' dir='ltr'><strong>auctoribus,</strong></span> <span class='ocrx_word' id='word_1_196' title='bbox 1715 2030 1828 2074; x_wconf 89' lang='lat' dir='ltr'><strong>nec</strong></span> <span class='ocrx_word' id='word_1_197' title='bbox 1877 2031 2005 2074; x_wconf 91' lang='lat' dir='ltr'><strong>eam</strong></span> <span class='ocrx_word' id='word_1_198' title='bbox 2052 2014 2249 2093; x_wconf 80' lang='lat' dir='ltr'><strong>miniS,</strong></span> <span class='ocrx_word' id='word_1_199' title='bbox 2293 2010 2666 2073; x_wconf 88' lang='lat' dir='ltr'><strong>blandimen-</strong></span> 
     </span>
     <span class='ocr_line' id='line_1_22' title="bbox 305 2101 2669 2184; baseline -0.002 -19"><span class='ocrx_word' id='word_1_200' title='bbox 305 2106 384 2166; x_wconf 88' lang='lat' dir='ltr'><strong>tis</strong></span> <span class='ocrx_word' id='word_1_201' title='bbox 433 2112 714 2184; x_wconf 90' lang='lat' dir='ltr'><strong>corrupta</strong></span> <span class='ocrx_word' id='word_1_202' title='bbox 760 2103 1016 2165; x_wconf 88' lang='lat' dir='ltr'><strong>deseret.</strong></span> <span class='ocrx_word' id='word_1_203' title='bbox 1105 2102 1329 2164; x_wconf 89' lang='lat' dir='ltr'><strong>Eadem</strong></span> <span class='ocrx_word' id='word_1_204' title='bbox 1367 2102 1752 2183; x_wconf 90' lang='lat' dir='ltr'><strong>Calliphontis</strong></span> <span class='ocrx_word' id='word_1_205' title='bbox 1792 2104 1908 2163; x_wconf 89' lang='lat' dir='ltr'><strong>erit</strong></span> <span class='ocrx_word' id='word_1_206' title='bbox 1942 2101 2307 2181; x_wconf 83' lang='lat' dir='ltr'><strong>Diodorique</strong></span> <span class='ocrx_word' id='word_1_207' title='bbox 2347 2101 2669 2183; x_wconf 88' lang='lat' dir='ltr'><strong>sententia,</strong></span> 
     </span>
    </p>
   </div>
   <div class='ocr_carea' id='block_1_3' title="bbox 191 3697 446 3751">
    <p class='ocr_par' dir='ltr' id='par_1_3' title="bbox 191 3697 446 3751">
     <span class='ocr_line' id='line_1_23' title="bbox 191 3697 446 3751; baseline -0.004 0"><span class='ocrx_word' id='word_1_208' title='bbox 191 3727 197 3732; x_wconf 91' lang='lat'><em>-</em></span> <span class='ocrx_word' id='word_1_209' title='bbox 306 3697 446 3751; x_wconf 79' lang='lat' dir='ltr'><strong>satis</strong></span> 
     </span>
    </p>
   </div>
   <div class='ocr_carea' id='block_1_4' title="bbox 304 2273 1431 4408">
    <p class='ocr_par' dir='ltr' id='par_1_4' title="bbox 304 2273 1431 4408">
     <span class='ocr_line' id='line_1_24' title="bbox 304 2273 1426 2345; baseline 0.001 -17"><span class='ocrx_word' id='word_1_210' title='bbox 304 2273 490 2345; x_wconf 83' lang='lat' dir='ltr'><strong>folger</strong></span> <span class='ocrx_word' id='word_1_211' title='bbox 525 2274 623 2330; x_wconf 87' lang='lat' dir='ltr'><strong>des</strong></span> <span class='ocrx_word' id='word_1_212' title='bbox 651 2274 964 2343; x_wconf 77' lang='lat' dir='ltr'><strong>Kritolaus3</strong></span> <span class='ocrx_word' id='word_1_213' title='bbox 1003 2274 1149 2330; x_wconf 79' lang='lat' dir='ltr'><strong>nach</strong></span> <span class='ocrx_word' id='word_1_214' title='bbox 1187 2273 1258 2329; x_wconf 85' lang='lat' dir='ltr'><strong>de</strong></span> <span class='ocrx_word' id='word_1_215' title='bbox 1285 2274 1426 2329; x_wconf 74' lang='lat' dir='ltr'><strong>orat.</strong></span> 
     </span>
     <span class='ocr_line' id='line_1_25' title="bbox 306 2344 1424 2413; baseline 0.001 -14"><span class='ocrx_word' id='word_1_216' title='bbox 306 2347 332 2399; x_wconf 94' lang='grc' dir='ltr'>Ι</span> <span class='ocrx_word' id='word_1_217' title='bbox 372 2351 454 2413; x_wconf 91' lang='grc'><strong>11,</strong></span> <span class='ocrx_word' id='word_1_218' title='bbox 493 2351 561 2401; x_wconf 81' lang='lat'><strong>45</strong></span> <span class='ocrx_word' id='word_1_219' title='bbox 600 2346 750 2402; x_wconf 74' lang='lat' dir='ltr'><strong>lebte</strong></span> <span class='ocrx_word' id='word_1_220' title='bbox 793 2363 853 2401; x_wconf 87' lang='lat' dir='ltr'><strong>er</strong></span> <span class='ocrx_word' id='word_1_221' title='bbox 888 2347 1035 2402; x_wconf 86' lang='lat' dir='ltr'><strong>noch</strong></span> <span class='ocrx_word' id='word_1_222' title='bbox 1076 2351 1180 2401; x_wconf 89' lang='lat'><strong>110</strong></span> <span class='ocrx_word' id='word_1_223' title='bbox 1215 2364 1267 2400; x_wconf 79' lang='lat' dir='ltr'><strong>v,</strong></span> <span class='ocrx_word' id='word_1_224' title='bbox 1298 2344 1424 2400; x_wconf 87' lang='lat' dir='ltr'><strong>Chr.</strong></span> 
     </span>
     <span class='ocr_line' id='line_1_26' title="bbox 308 2415 1430 2473; baseline 0 -3"><span class='ocrx_word' id='word_1_225' title='bbox 308 2415 479 2471; x_wconf 87' lang='lat' dir='ltr'><strong>Clem.</strong></span> <span class='ocrx_word' id='word_1_226' title='bbox 546 2415 704 2473; x_wconf 84' lang='lat' dir='ltr'><strong>Alex.</strong></span> <span class='ocrx_word' id='word_1_227' title='bbox 769 2419 960 2472; x_wconf 79' lang='lat' dir='ltr'><strong>strom.</strong></span> <span class='ocrx_word' id='word_1_228' title='bbox 1025 2416 1080 2469; x_wconf 90' lang='grc' dir='ltr'>Π</span> <span class='ocrx_word' id='word_1_229' title='bbox 1143 2422 1250 2472; x_wconf 80' lang='grc'><strong>415</strong></span> <span class='ocrx_word' id='word_1_230' title='bbox 1314 2416 1430 2471; x_wconf 78' lang='grc' dir='ltr'><strong>Καὶ</strong></span> 
     </span>
     <span class='ocr_line' id='line_1_27' title="bbox 306 2482 1429 2558; baseline -0.001 -16"><span class='ocrx_word' id='word_1_231' title='bbox 306 2483 599 2557; x_wconf 75' lang='grc' dir='ltr'><strong><em>Διόδωρος</em></strong></span> <span class='ocrx_word' id='word_1_232' title='bbox 652 2483 861 2558; x_wconf 77' lang='grc' dir='ltr'>ὁμοίως</span> <span class='ocrx_word' id='word_1_233' title='bbox 923 2484 1039 2542; x_wconf 76' lang='grc' dir='ltr'><strong>ἀπὸ</strong></span> <span class='ocrx_word' id='word_1_234' title='bbox 1094 2489 1195 2558; x_wconf 80' lang='grc' dir='ltr'><strong>τῆς</strong></span> <span class='ocrx_word' id='word_1_235' title='bbox 1251 2482 1429 2557; x_wconf 76' lang='grc' dir='ltr'><strong><em>αὐτῆς</em></strong></span> 
     </span>
     <span class='ocr_line' id='line_1_28' title="bbox 307 2554 1427 2628; baseline 0.001 -16"><span class='ocrx_word' id='word_1_236' title='bbox 307 2555 577 2625; x_wconf 74' lang='grc' dir='ltr'><em>αἱρέσεως</em></span> <span class='ocrx_word' id='word_1_237' title='bbox 623 2554 929 2628; x_wconf 73' lang='grc' dir='ltr'><strong><em>γενόμενος</em></strong></span> <span class='ocrx_word' id='word_1_238' title='bbox 971 2557 1130 2622; x_wconf 72' lang='grc' dir='ltr'><strong><em>τέλος</em></strong></span> <span class='ocrx_word' id='word_1_239' title='bbox 1175 2554 1427 2627; x_wconf 76' lang='grc' dir='ltr'><em>ἀποφαί-</em></span> 
     </span>
     <span class='ocr_line' id='line_1_29' title="bbox 306 2624 1425 2699; baseline 0.005 -17"><span class='ocrx_word' id='word_1_240' title='bbox 306 2647 466 2684; x_wconf 71' lang='grc' dir='ltr'><strong><em>νεται</em></strong></span> <span class='ocrx_word' id='word_1_241' title='bbox 510 2626 574 2683; x_wconf 82' lang='grc' dir='ltr'><strong>τὸ</strong></span> <span class='ocrx_word' id='word_1_242' title='bbox 621 2624 907 2699; x_wconf 77' lang='grc' dir='ltr'><strong><em>ἄοχλήτως</em></strong></span> <span class='ocrx_word' id='word_1_243' title='bbox 954 2629 1053 2684; x_wconf 80' lang='grc' dir='ltr'><strong>καὶ</strong></span> <span class='ocrx_word' id='word_1_244' title='bbox 1088 2630 1273 2692; x_wconf 76' lang='grc' dir='ltr'><strong><em>καλῶς</em></strong></span> <span class='ocrx_word' id='word_1_245' title='bbox 1310 2631 1425 2699; x_wconf 72' lang='grc' dir='ltr'><strong>ζῆν.</strong></span> 
     </span>
     <span class='ocr_line' id='line_1_30' title="bbox 379 2700 1337 2772; baseline 0.002 -18"><span class='ocrx_word' id='word_1_246' title='bbox 379 2700 589 2766; x_wconf 82' lang='lat' dir='ltr'><strong>Aristo,</strong></span> <span class='ocrx_word' id='word_1_247' title='bbox 630 2700 870 2772; x_wconf 68' lang='lat' dir='ltr'><strong>Pyrrhe,</strong></span> <span class='ocrx_word' id='word_1_248' title='bbox 908 2717 950 2757; x_wconf 87' lang='lat' dir='ltr'><strong>s.</strong></span> <span class='ocrx_word' id='word_1_249' title='bbox 988 2719 1033 2757; x_wconf 88' lang='lat' dir='ltr'><strong>z.</strong></span> <span class='ocrx_word' id='word_1_250' title='bbox 1072 2702 1126 2755; x_wconf 94' lang='lat' dir='ltr'><strong>II</strong></span> <span class='ocrx_word' id='word_1_251' title='bbox 1163 2709 1214 2769; x_wconf 83' lang='grc'><strong>6,</strong></span> <span class='ocrx_word' id='word_1_252' title='bbox 1253 2706 1337 2757; x_wconf 82' lang='grc'><strong>15.</strong></span> 
     </span>
     <span class='ocr_line' id='line_1_31' title="bbox 379 2770 1427 2843; baseline 0.003 -19"><span class='ocrx_word' id='word_1_253' title='bbox 379 2770 599 2825; x_wconf 78' lang='lat' dir='ltr'><strong>Erillus</strong></span> <span class='ocrx_word' id='word_1_254' title='bbox 635 2787 736 2825; x_wconf 78' lang='lat' dir='ltr'><strong>aus</strong></span> <span class='ocrx_word' id='word_1_255' title='bbox 771 2772 1065 2843; x_wconf 72' lang='lat' dir='ltr'><strong>Karthago</strong></span> <span class='ocrx_word' id='word_1_256' title='bbox 1100 2789 1219 2828; x_wconf 82' lang='lat' dir='ltr'><strong>war</strong></span> <span class='ocrx_word' id='word_1_257' title='bbox 1251 2770 1427 2827; x_wconf 69' lang='grc'>801111-</span> 
     </span>
     <span class='ocr_line' id='line_1_32' title="bbox 305 2840 1428 2913; baseline 0.003 -18"><span class='ocrx_word' id='word_1_258' title='bbox 305 2841 391 2897; x_wconf 88' lang='grc'>161·</span> <span class='ocrx_word' id='word_1_259' title='bbox 428 2841 525 2897; x_wconf 83' lang='grc'>(166</span> <span class='ocrx_word' id='word_1_260' title='bbox 554 2842 716 2897; x_wconf 84' lang='lat' dir='ltr'><strong>Zeno.</strong></span> <span class='ocrx_word' id='word_1_261' title='bbox 768 2840 869 2897; x_wconf 83' lang='lat' dir='ltr'><strong>Als</strong></span> <span class='ocrx_word' id='word_1_262' title='bbox 907 2842 1173 2899; x_wconf 71' lang='lat' dir='ltr'><strong>hochstes</strong></span> <span class='ocrx_word' id='word_1_263' title='bbox 1199 2843 1428 2913; x_wconf 84' lang='lat' dir='ltr'><strong>Prineip</strong></span> 
     </span>
     <span class='ocr_line' id='line_1_33' title="bbox 307 2911 1429 2985; baseline 0.001 -18"><span class='ocrx_word' id='word_1_264' title='bbox 307 2911 498 2968; x_wconf 74' lang='lat' dir='ltr'><strong>stellte</strong></span> <span class='ocrx_word' id='word_1_265' title='bbox 546 2928 606 2966; x_wconf 85' lang='lat' dir='ltr'><strong>er</strong></span> <span class='ocrx_word' id='word_1_266' title='bbox 656 2913 758 2967; x_wconf 80' lang='lat' dir='ltr'><strong>das</strong></span> <span class='ocrx_word' id='word_1_267' title='bbox 803 2913 1028 2970; x_wconf 86' lang='lat' dir='ltr'><strong>Wissen</strong></span> <span class='ocrx_word' id='word_1_268' title='bbox 1077 2914 1199 2985; x_wconf 76' lang='lat' dir='ltr'><strong>auf,</strong></span> <span class='ocrx_word' id='word_1_269' title='bbox 1255 2915 1429 2970; x_wconf 75' lang='lat' dir='ltr'><strong>nahm</strong></span> 
     </span>
     <span class='ocr_line' id='line_1_34' title="bbox 306 2983 1428 3055; baseline 0.003 -18"><span class='ocrx_word' id='word_1_270' title='bbox 306 2984 442 3038; x_wconf 77' lang='lat' dir='ltr'><strong>aber</strong></span> <span class='ocrx_word' id='word_1_271' title='bbox 513 2984 662 3038; x_wconf 86' lang='lat' dir='ltr'><strong>noch</strong></span> <span class='ocrx_word' id='word_1_272' title='bbox 735 2983 828 3038; x_wconf 90' lang='lat' dir='ltr'><strong>ein</strong></span> <span class='ocrx_word' id='word_1_273' title='bbox 905 2984 1129 3040; x_wconf 82' lang='lat' dir='ltr'><strong>zweites</strong></span> <span class='ocrx_word' id='word_1_274' title='bbox 1200 2986 1428 3055; x_wconf 85' lang='lat' dir='ltr'><strong>Princip</strong></span> 
     </span>
     <span class='ocr_line' id='line_1_35' title="bbox 306 3049 1429 3124; baseline 0.002 -16"><span class='ocrx_word' id='word_1_275' title='bbox 306 3049 610 3124; x_wconf 76' lang='grc' dir='ltr'>(ὁποτελίς)</span> <span class='ocrx_word' id='word_1_276' title='bbox 636 3052 729 3108; x_wconf 80' lang='lat' dir='ltr'><strong>fiir</strong></span> <span class='ocrx_word' id='word_1_277' title='bbox 757 3053 859 3110; x_wconf 81' lang='lat' dir='ltr'><strong>das</strong></span> <span class='ocrx_word' id='word_1_278' title='bbox 885 3055 1211 3124; x_wconf 73' lang='lat' dir='ltr'><strong>praktische</strong></span> <span class='ocrx_word' id='word_1_279' title='bbox 1239 3056 1429 3112; x_wconf 84' lang='lat' dir='ltr'><strong>Leben</strong></span> 
     </span>
     <span class='ocr_line' id='line_1_36' title="bbox 307 3124 1429 3191; baseline 0.002 -11"><span class='ocrx_word' id='word_1_280' title='bbox 307 3142 378 3180; x_wconf 77' lang='lat' dir='ltr'><strong>an</strong></span> <span class='ocrx_word' id='word_1_281' title='bbox 392 3165 406 3191; x_wconf 92' lang='lat'><strong>,</strong></span> <span class='ocrx_word' id='word_1_282' title='bbox 451 3125 690 3180; x_wconf 77' lang='lat' dir='ltr'><strong>wonach</strong></span> <span class='ocrx_word' id='word_1_283' title='bbox 734 3124 825 3180; x_wconf 84' lang='lat' dir='ltr'><strong>die</strong></span> <span class='ocrx_word' id='word_1_284' title='bbox 862 3124 1242 3182; x_wconf 81' lang='lat' dir='ltr'><strong>Nichtweisen</strong></span> <span class='ocrx_word' id='word_1_285' title='bbox 1290 3129 1429 3182; x_wconf 78' lang='lat' dir='ltr'><strong>stre-</strong></span> 
     </span>
     <span class='ocr_line' id='line_1_37' title="bbox 306 3196 1430 3267; baseline 0.001 -15"><span class='ocrx_word' id='word_1_286' title='bbox 306 3197 433 3252; x_wconf 85' lang='lat' dir='ltr'><strong>ben.</strong></span> <span class='ocrx_word' id='word_1_287' title='bbox 509 3197 579 3252; x_wconf 86' lang='lat' dir='ltr'><strong>de</strong></span> <span class='ocrx_word' id='word_1_288' title='bbox 614 3196 708 3251; x_wconf 87' lang='lat' dir='ltr'><strong>fin.</strong></span> <span class='ocrx_word' id='word_1_289' title='bbox 748 3198 799 3251; x_wconf 94' lang='lat' dir='ltr'><strong>II</strong></span> <span class='ocrx_word' id='word_1_290' title='bbox 840 3203 932 3266; x_wconf 86' lang='lat'><strong>13,</strong></span> <span class='ocrx_word' id='word_1_291' title='bbox 977 3202 1064 3252; x_wconf 81' lang='lat'><strong>43.</strong></span> <span class='ocrx_word' id='word_1_292' title='bbox 1121 3196 1285 3267; x_wconf 83' lang='lat' dir='ltr'><strong>Diog.</strong></span> <span class='ocrx_word' id='word_1_293' title='bbox 1324 3198 1430 3253; x_wconf 91' lang='lat' dir='ltr'><strong>VII</strong></span> 
     </span>
     <span class='ocr_line' id='line_1_38' title="bbox 308 3267 1427 3341; baseline 0.003 -19"><span class='ocrx_word' id='word_1_294' title='bbox 308 3273 427 3324; x_wconf 82' lang='grc'>165.</span> <span class='ocrx_word' id='word_1_295' title='bbox 485 3267 556 3323; x_wconf 85' lang='lat' dir='ltr'><strong>de</strong></span> <span class='ocrx_word' id='word_1_296' title='bbox 593 3267 685 3324; x_wconf 85' lang='lat' dir='ltr'><strong>off.</strong></span> <span class='ocrx_word' id='word_1_297' title='bbox 724 3269 749 3322; x_wconf 96' lang='lat' dir='ltr'>I</span> <span class='ocrx_word' id='word_1_298' title='bbox 786 3274 837 3336; x_wconf 87' lang='grc'><strong>2,</strong></span> <span class='ocrx_word' id='word_1_299' title='bbox 876 3275 908 3323; x_wconf 84' lang='grc'>6</span> <span class='ocrx_word' id='word_1_300' title='bbox 945 3269 1246 3337; x_wconf 76' lang='lat' dir='ltr'><strong>Aristonis,</strong></span> <span class='ocrx_word' id='word_1_301' title='bbox 1286 3270 1427 3341; x_wconf 76' lang='lat' dir='ltr'><strong>Pyr-</strong></span> 
     </span>
     <span class='ocr_line' id='line_1_39' title="bbox 305 3338 1430 3411; baseline 0.002 -17"><span class='ocrx_word' id='word_1_302' title='bbox 305 3340 521 3406; x_wconf 73' lang='lat' dir='ltr'><strong>rhonis,</strong></span> <span class='ocrx_word' id='word_1_303' title='bbox 565 3338 743 3394; x_wconf 77' lang='lat' dir='ltr'><strong>Erilli</strong></span> <span class='ocrx_word' id='word_1_304' title='bbox 786 3340 901 3395; x_wconf 82' lang='lat' dir='ltr'><strong>iam</strong></span> <span class='ocrx_word' id='word_1_305' title='bbox 939 3342 1157 3410; x_wconf 77' lang='lat' dir='ltr'><strong>pridem</strong></span> <span class='ocrx_word' id='word_1_306' title='bbox 1206 3342 1430 3411; x_wconf 74' lang='lat' dir='ltr'><strong>explosa</strong></span> 
     </span>
     <span class='ocr_line' id='line_1_40' title="bbox 304 3411 704 3467; baseline 0 0"><span class='ocrx_word' id='word_1_307' title='bbox 304 3411 576 3467; x_wconf 77' lang='lat' dir='ltr'><strong>sententia</strong></span> <span class='ocrx_word' id='word_1_308' title='bbox 611 3416 704 3467; x_wconf 81' lang='lat' dir='ltr'><strong>est.</strong></span> 
     </span>
     <span class='ocr_line' id='line_1_41' title="bbox 378 3480 1429 3553; baseline 0.001 -16"><span class='ocrx_word' id='word_1_309' title='bbox 378 3483 655 3552; x_wconf 65' lang='lat' dir='ltr'><strong>captivata</strong></span> <span class='ocrx_word' id='word_1_310' title='bbox 689 3481 766 3536; x_wconf 78' lang='lat' dir='ltr'><strong>ist·</strong></span> <span class='ocrx_word' id='word_1_311' title='bbox 800 3481 1097 3553; x_wconf 77' lang='lat' dir='ltr'><strong>Adjektiv,</strong></span> <span class='ocrx_word' id='word_1_312' title='bbox 1147 3482 1318 3537; x_wconf 80' lang='lat' dir='ltr'><strong>‘klar&#39;</strong></span> <span class='ocrx_word' id='word_1_313' title='bbox 1360 3480 1429 3539; x_wconf 86' lang='lat' dir='ltr'><strong>de</strong></span> 
     </span>
     <span class='ocr_line' id='line_1_42' title="bbox 308 3554 1431 3624; baseline 0.003 -16"><span class='ocrx_word' id='word_1_314' title='bbox 308 3556 450 3609; x_wconf 77' lang='lat' dir='ltr'><strong>orat.</strong></span> <span class='ocrx_word' id='word_1_315' title='bbox 478 3555 505 3608; x_wconf 90' lang='lat'>1</span> <span class='ocrx_word' id='word_1_316' title='bbox 542 3558 592 3619; x_wconf 82' lang='lat'><strong>2,</strong></span> <span class='ocrx_word' id='word_1_317' title='bbox 622 3560 656 3607; x_wconf 87' lang='lat'>4</span> <span class='ocrx_word' id='word_1_318' title='bbox 702 3554 789 3608; x_wconf 83' lang='lat' dir='ltr'><strong>Ae</strong></span> <span class='ocrx_word' id='word_1_319' title='bbox 831 3554 969 3609; x_wconf 75' lang='lat' dir='ltr'><strong>mihi</strong></span> <span class='ocrx_word' id='word_1_320' title='bbox 1016 3555 1309 3624; x_wconf 75' lang='lat' dir='ltr'><strong>repetenda</strong></span> <span class='ocrx_word' id='word_1_321' title='bbox 1352 3559 1431 3611; x_wconf 76' lang='lat' dir='ltr'><strong>est</strong></span> 
     </span>
     <span class='ocr_line' id='line_1_43' title="bbox 307 3624 1431 3681; baseline 0.001 -1"><span class='ocrx_word' id='word_1_322' title='bbox 307 3625 499 3680; x_wconf 79' lang='lat' dir='ltr'><strong>veteris</strong></span> <span class='ocrx_word' id='word_1_323' title='bbox 526 3624 814 3679; x_wconf 80' lang='lat' dir='ltr'><strong>cuiusdam</strong></span> <span class='ocrx_word' id='word_1_324' title='bbox 840 3627 1128 3681; x_wconf 80' lang='lat' dir='ltr'><strong>memoriae</strong></span> <span class='ocrx_word' id='word_1_325' title='bbox 1153 3642 1268 3681; x_wconf 75' lang='lat' dir='ltr'><strong>non</strong></span> <span class='ocrx_word' id='word_1_326' title='bbox 1296 3642 1431 3681; x_wconf 76' lang='lat' dir='ltr'><strong>sane</strong></span> 
     </span>
     <span class='ocr_line' id='line_1_44' title="bbox 480 3695 1428 3767; baseline 0.005 -20"><span class='ocrx_word' id='word_1_327' title='bbox 480 3695 758 3764; x_wconf 59' lang='lat' dir='ltr'><strong>ewlicata</strong></span> <span class='ocrx_word' id='word_1_328' title='bbox 792 3697 1113 3752; x_wconf 66' lang='lat' dir='ltr'><strong>recordatio.</strong></span> <span class='ocrx_word' id='word_1_329' title='bbox 1151 3715 1206 3767; x_wconf 86' lang='lat' dir='ltr'><strong>p.</strong></span> <span class='ocrx_word' id='word_1_330' title='bbox 1237 3697 1428 3752; x_wconf 75' lang='lat' dir='ltr'><strong>Plane.</strong></span> 
     </span>
     <span class='ocr_line' id='line_1_45' title="bbox 309 3765 1427 3837; baseline 0.001 -14"><span class='ocrx_word' id='word_1_331' title='bbox 309 3774 361 3837; x_wconf 93' lang='grc'><strong>2,</strong></span> <span class='ocrx_word' id='word_1_332' title='bbox 389 3772 421 3821; x_wconf 82' lang='grc'>5</span> <span class='ocrx_word' id='word_1_333' title='bbox 458 3767 523 3820; x_wconf 72' lang='lat' dir='ltr'><strong>in</strong></span> <span class='ocrx_word' id='word_1_334' title='bbox 558 3781 731 3821; x_wconf 78' lang='lat' dir='ltr'><strong>eausa</strong></span> <span class='ocrx_word' id='word_1_335' title='bbox 760 3765 922 3833; x_wconf 78' lang='lat' dir='ltr'><strong>facili</strong></span> <span class='ocrx_word' id='word_1_336' title='bbox 948 3772 1109 3837; x_wconf 77' lang='lat' dir='ltr'><strong>atque</strong></span> <span class='ocrx_word' id='word_1_337' title='bbox 1135 3769 1427 3837; x_wconf 69' lang='lat' dir='ltr'><strong>explicata.</strong></span> 
     </span>
     <span class='ocr_line' id='line_1_46' title="bbox 370 3836 1427 3922; baseline 0.003 -30"><span class='ocrx_word' id='word_1_338' title='bbox 370 3841 594 3907; x_wconf 75' lang='lat' dir='ltr'><strong>practer</strong></span> <span class='ocrx_word' id='word_1_339' title='bbox 634 3836 1080 3906; x_wconf 65' lang='lat' dir='ltr'><strong>Theopmastum,</strong></span> <span class='ocrx_word' id='word_1_340' title='bbox 1115 3839 1229 3922; x_wconf 76' lang='lat' dir='ltr'><strong>vgl.</strong></span> <span class='ocrx_word' id='word_1_341' title='bbox 1260 3845 1311 3907; x_wconf 83' lang='lat'><strong>9,</strong></span> <span class='ocrx_word' id='word_1_342' title='bbox 1341 3845 1427 3897; x_wconf 82' lang='grc'><strong>24.</strong></span> 
     </span>
     <span class='ocr_line' id='line_1_47' title="bbox 380 3907 1427 3980; baseline 0.001 -16"><span class='ocrx_word' id='word_1_343' title='bbox 380 3925 449 3964; x_wconf 75' lang='lat' dir='ltr'><strong>ex</strong></span> <span class='ocrx_word' id='word_1_344' title='bbox 486 3909 809 3975; x_wconf 69' lang='lat' dir='ltr'><strong>conlatione,</strong></span> <span class='ocrx_word' id='word_1_345' title='bbox 844 3907 925 3963; x_wconf 88' lang='lat' dir='ltr'><strong>im</strong></span> <span class='ocrx_word' id='word_1_346' title='bbox 942 3907 1243 3980; x_wconf 74' lang='lat' dir='ltr'><strong>Vergleich</strong></span> <span class='ocrx_word' id='word_1_347' title='bbox 1267 3916 1427 3965; x_wconf 60' lang='lat' dir='ltr'><strong>nam·</strong></span> 
     </span>
     <span class='ocr_line' id='line_1_48' title="bbox 307 3979 985 4051; baseline -0.001 -16"><span class='ocrx_word' id='word_1_348' title='bbox 307 3980 424 4035; x_wconf 89' lang='grc'>11011</span> <span class='ocrx_word' id='word_1_349' title='bbox 459 3979 565 4034; x_wconf 79' lang='lat' dir='ltr'><strong>mit</strong></span> <span class='ocrx_word' id='word_1_350' title='bbox 601 3979 699 4034; x_wconf 85' lang='lat' dir='ltr'><strong>der</strong></span> <span class='ocrx_word' id='word_1_351' title='bbox 738 3979 985 4051; x_wconf 81' lang='lat' dir='ltr'><strong>Tugend.</strong></span> 
     </span>
     <span class='ocr_line' id='line_1_49' title="bbox 380 4050 1427 4119; baseline 0.002 -14"><span class='ocrx_word' id='word_1_352' title='bbox 380 4052 598 4106; x_wconf 78' lang='lat' dir='ltr'><strong>laudem</strong></span> <span class='ocrx_word' id='word_1_353' title='bbox 633 4066 757 4106; x_wconf 76' lang='lat' dir='ltr'><strong>cam</strong></span> <span class='ocrx_word' id='word_1_354' title='bbox 790 4052 990 4119; x_wconf 81' lang='lat' dir='ltr'><strong>dolore,</strong></span> <span class='ocrx_word' id='word_1_355' title='bbox 1036 4051 1136 4106; x_wconf 79' lang='lat' dir='ltr'><strong>das</strong></span> <span class='ocrx_word' id='word_1_356' title='bbox 1175 4050 1427 4107; x_wconf 76' lang='lat' dir='ltr'><strong>Sittlich·</strong></span> 
     </span>
     <span class='ocr_line' id='line_1_50' title="bbox 308 4121 1429 4192; baseline 0.001 -14"><span class='ocrx_word' id='word_1_357' title='bbox 308 4123 470 4192; x_wconf 72' lang='lat' dir='ltr'><strong>gnte,</strong></span> <span class='ocrx_word' id='word_1_358' title='bbox 518 4121 665 4175; x_wconf 78' lang='lat' dir='ltr'><strong>auch</strong></span> <span class='ocrx_word' id='word_1_359' title='bbox 708 4138 870 4177; x_wconf 78' lang='lat' dir='ltr'><strong>wenn</strong></span> <span class='ocrx_word' id='word_1_360' title='bbox 914 4140 974 4178; x_wconf 86' lang='lat' dir='ltr'><strong>es</strong></span> <span class='ocrx_word' id='word_1_361' title='bbox 1023 4122 1128 4177; x_wconf 86' lang='lat' dir='ltr'><strong>mit</strong></span> <span class='ocrx_word' id='word_1_362' title='bbox 1167 4122 1429 4179; x_wconf 82' lang='lat' dir='ltr'><strong>Schmerz</strong></span> 
     </span>
     <span class='ocr_line' id='line_1_51' title="bbox 305 4192 1262 4249; baseline -0.007 0"><span class='ocrx_word' id='word_1_363' title='bbox 305 4192 630 4249; x_wconf 81' lang='lat' dir='ltr'><strong>verbunden</strong></span> <span class='ocrx_word' id='word_1_364' title='bbox 666 4192 755 4246; x_wconf 81' lang='lat' dir='ltr'><strong>ist.</strong></span> <span class='ocrx_word' id='word_1_365' title='bbox 1261 4204 1262 4207; x_wconf 45' lang='lat'>¹</span> 
     </span>
     <span class='ocr_line' id='line_1_52' title="bbox 382 4263 1428 4335; baseline 0.002 -16"><span class='ocrx_word' id='word_1_366' title='bbox 382 4264 726 4334; x_wconf 74' lang='lat' dir='ltr'><strong>Quamquam</strong></span> <span class='ocrx_word' id='word_1_367' title='bbox 760 4264 898 4318; x_wconf 76' lang='lat' dir='ltr'><strong>sint.-</strong></span> <span class='ocrx_word' id='word_1_368' title='bbox 936 4264 1046 4319; x_wconf 88' lang='lat' dir='ltr'><strong>den</strong></span> <span class='ocrx_word' id='word_1_369' title='bbox 1076 4263 1428 4335; x_wconf 74' lang='lat' dir='ltr'><strong>Konjunktiv</strong></span> 
     </span>
     <span class='ocr_line' id='line_1_53' title="bbox 306 4333 1428 4408; baseline 0 -17"><span class='ocrx_word' id='word_1_370' title='bbox 306 4335 607 4392; x_wconf 74' lang='lat' dir='ltr'><strong>verbindet</strong></span> <span class='ocrx_word' id='word_1_371' title='bbox 644 4333 756 4392; x_wconf 88' lang='lat' dir='ltr'><strong>Cic.</strong></span> <span class='ocrx_word' id='word_1_372' title='bbox 793 4335 901 4390; x_wconf 76' lang='lat' dir='ltr'><strong>mit</strong></span> <span class='ocrx_word' id='word_1_373' title='bbox 934 4353 1264 4408; x_wconf 72' lang='lat' dir='ltr'><strong>quamquam</strong></span> <span class='ocrx_word' id='word_1_374' title='bbox 1299 4336 1428 4393; x_wconf 82' lang='lat' dir='ltr'><strong>sehr</strong></span> 
     </span>
    </p>
   </div>
   <div class='ocr_carea' id='block_1_5' title="bbox 1535 2272 2675 2783">
    <p class='ocr_par' dir='ltr' id='par_1_5' title="bbox 1535 2272 2670 2485">
     <span class='ocr_line' id='line_1_54' title="bbox 1536 2272 2670 2342; baseline 0 -14"><span class='ocrx_word' id='word_1_375' title='bbox 1536 2272 1731 2328; x_wconf 82' lang='lat' dir='ltr'><strong>selten.</strong></span> <span class='ocrx_word' id='word_1_376' title='bbox 1808 2272 1877 2328; x_wconf 88' lang='lat' dir='ltr'><strong>de</strong></span> <span class='ocrx_word' id='word_1_377' title='bbox 1933 2272 2069 2328; x_wconf 81' lang='lat' dir='ltr'><strong>orat.</strong></span> <span class='ocrx_word' id='word_1_378' title='bbox 2107 2272 2189 2328; x_wconf 90' lang='lat'><strong>111</strong></span> <span class='ocrx_word' id='word_1_379' title='bbox 2240 2275 2299 2341; x_wconf 90' lang='grc'><strong>8,</strong></span> <span class='ocrx_word' id='word_1_380' title='bbox 2347 2277 2416 2328; x_wconf 81' lang='grc'><strong>27</strong></span> <span class='ocrx_word' id='word_1_381' title='bbox 2471 2288 2670 2342; x_wconf 76' lang='lat' dir='ltr'><strong>qaam-</strong></span> 
     </span>
     <span class='ocr_line' id='line_1_55' title="bbox 1535 2344 2670 2414; baseline 0 -14"><span class='ocrx_word' id='word_1_382' title='bbox 1535 2361 1701 2414; x_wconf 74' lang='lat' dir='ltr'><strong>quam</strong></span> <span class='ocrx_word' id='word_1_383' title='bbox 1749 2344 2001 2399; x_wconf 81' lang='lat' dir='ltr'><strong>omnibus</strong></span> <span class='ocrx_word' id='word_1_384' title='bbox 2043 2360 2156 2412; x_wconf 70' lang='lat' dir='ltr'><strong>pao·</strong></span> <span class='ocrx_word' id='word_1_385' title='bbox 2198 2360 2376 2412; x_wconf 68' lang='lat' dir='ltr'><strong>paene</strong></span> <span class='ocrx_word' id='word_1_386' title='bbox 2427 2344 2552 2400; x_wconf 78' lang='lat' dir='ltr'><strong>laus</strong></span> <span class='ocrx_word' id='word_1_387' title='bbox 2602 2345 2670 2400; x_wconf 73' lang='lat' dir='ltr'><strong>in</strong></span> 
     </span>
     <span class='ocr_line' id='line_1_56' title="bbox 1535 2414 2669 2485; baseline 0 -14"><span class='ocrx_word' id='word_1_388' title='bbox 1535 2415 1795 2471; x_wconf 78' lang='lat' dir='ltr'><strong>dissimili</strong></span> <span class='ocrx_word' id='word_1_389' title='bbox 1830 2415 2113 2470; x_wconf 56' lang='lat' dir='ltr'><strong>scribendi</strong></span> <span class='ocrx_word' id='word_1_390' title='bbox 2140 2430 2332 2485; x_wconf 71' lang='lat' dir='ltr'><strong>ymera</strong></span> <span class='ocrx_word' id='word_1_391' title='bbox 2357 2414 2669 2472; x_wconf 67' lang='lat' dir='ltr'><strong>tribuatur.</strong></span> 
     </span>
    </p>

    <p class='ocr_par' dir='ltr' id='par_1_6' title="bbox 1536 2486 2675 2783">
     <span class='ocr_line' id='line_1_57' title="bbox 1606 2486 2673 2556; baseline -0.001 -15"><span class='ocrx_word' id='word_1_392' title='bbox 1606 2502 1802 2542; x_wconf 75' lang='lat' dir='ltr'><strong>nomen</strong></span> <span class='ocrx_word' id='word_1_393' title='bbox 1851 2487 2019 2545; x_wconf 36' lang='lat' dir='ltr'><strong>beati.</strong></span> <span class='ocrx_word' id='word_1_394' title='bbox 2046 2486 2201 2556; x_wconf 72' lang='lat' dir='ltr'><strong>lonye</strong></span> <span class='ocrx_word' id='word_1_395' title='bbox 2259 2490 2323 2540; x_wconf 86' lang='lat' dir='ltr'><strong>et·</strong></span> <span class='ocrx_word' id='word_1_396' title='bbox 2354 2487 2462 2541; x_wconf 81' lang='lat' dir='ltr'><strong>late</strong></span> <span class='ocrx_word' id='word_1_397' title='bbox 2650 2527 2673 2553; x_wconf 89' lang='lat'><em>‚</em></span> 
     </span>
     <span class='ocr_line' id='line_1_58' title="bbox 1540 2556 2673 2626; baseline 0 -14"><span class='ocrx_word' id='word_1_398' title='bbox 1540 2556 1664 2612; x_wconf 74' lang='lat' dir='ltr'><strong>‘das</strong></span> <span class='ocrx_word' id='word_1_399' title='bbox 1727 2557 1892 2612; x_wconf 75' lang='lat' dir='ltr'><strong>Wort</strong></span> <span class='ocrx_word' id='word_1_400' title='bbox 1966 2556 2418 2626; x_wconf 76' lang='lat' dir='ltr'><strong>Glt‘ickseligkeit</strong></span> <span class='ocrx_word' id='word_1_401' title='bbox 2488 2557 2673 2612; x_wconf 74' lang='lat' dir='ltr'><strong>findet</strong></span> 
     </span>
     <span class='ocr_line' id='line_1_59' title="bbox 1536 2626 2675 2699; baseline -0.002 -14"><span class='ocrx_word' id='word_1_402' title='bbox 1536 2628 1661 2685; x_wconf 88' lang='grc'>61116</span> <span class='ocrx_word' id='word_1_403' title='bbox 1724 2628 1891 2684; x_wconf 75' lang='lat' dir='ltr'><strong>weite</strong></span> <span class='ocrx_word' id='word_1_404' title='bbox 1955 2628 2367 2698; x_wconf 81' lang='lat' dir='ltr'><strong>Anwendung’.</strong></span> <span class='ocrx_word' id='word_1_405' title='bbox 2442 2626 2573 2699; x_wconf 80' lang='lat' dir='ltr'><strong>Vgl.</strong></span> <span class='ocrx_word' id='word_1_406' title='bbox 2641 2628 2675 2682; x_wconf 89' lang='lat' dir='ltr'>I</span> 
     </span>
     <span class='ocr_line' id='line_1_60' title="bbox 1539 2699 2670 2783; baseline -0.001 -28"><span class='ocrx_word' id='word_1_407' title='bbox 1539 2705 1570 2766; x_wconf 65' lang='grc' dir='ltr'>ξ</span> <span class='ocrx_word' id='word_1_408' title='bbox 1608 2705 1678 2755; x_wconf 80' lang='grc'><strong>87</strong></span> <span class='ocrx_word' id='word_1_409' title='bbox 1723 2700 1877 2755; x_wconf 80' lang='lat' dir='ltr'><strong>triste</strong></span> <span class='ocrx_word' id='word_1_410' title='bbox 1921 2704 2000 2754; x_wconf 78' lang='lat' dir='ltr'><strong>est</strong></span> <span class='ocrx_word' id='word_1_411' title='bbox 2033 2715 2229 2754; x_wconf 70' lang='lat' dir='ltr'><strong>nomen</strong></span> <span class='ocrx_word' id='word_1_412' title='bbox 2265 2699 2508 2783; x_wconf 65' lang='lat' dir='ltr'><strong>carendi,</strong></span> <span class='ocrx_word' id='word_1_413' title='bbox 2584 2699 2670 2754; x_wconf 87' lang='lat'><strong>111</strong></span> 
     </span>
    </p>
   </div>
   <div class='ocr_carea' id='block_1_6' title="bbox 1536 2769 2776 2843">
    <p class='ocr_par' dir='ltr' id='par_1_7' title="bbox 1536 2769 2776 2843">
     <span class='ocr_line' id='line_1_61' title="bbox 1536 2769 2776 2843; baseline -0.001 -16"><span class='ocrx_word' id='word_1_414' title='bbox 1536 2777 1567 2837; x_wconf 69' lang='grc' dir='ltr'>ἓ</span> <span class='ocrx_word' id='word_1_415' title='bbox 1603 2776 1674 2827; x_wconf 83' lang='grc'><strong>83</strong></span> <span class='ocrx_word' id='word_1_416' title='bbox 1722 2771 2091 2843; x_wconf 76' lang='lat' dir='ltr'><strong>aeyritadinis</strong></span> <span class='ocrx_word' id='word_1_417' title='bbox 2135 2785 2331 2827; x_wconf 76' lang='lat' dir='ltr'><strong>nomen</strong></span> <span class='ocrx_word' id='word_1_418' title='bbox 2374 2770 2536 2826; x_wconf 67' lang='lat' dir='ltr'><strong>abstt.</strong></span> <span class='ocrx_word' id='word_1_419' title='bbox 2608 2769 2666 2826; x_wconf 88' lang='lat' dir='ltr'><strong>S.</strong></span> <span class='ocrx_word' id='word_1_420' title='bbox 2766 2771 2776 2781; x_wconf 85' lang='grc'><em>’</em></span> 
     </span>
    </p>
   </div>
   <div class='ocr_carea' id='block_1_7' title="bbox 1528 2841 2680 4407">
    <p class='ocr_par' dir='ltr' id='par_1_8' title="bbox 1528 2841 2677 2984">
     <span class='ocr_line' id='line_1_62' title="bbox 1538 2841 2677 2911; baseline 0.002 -15"><span class='ocrx_word' id='word_1_421' title='bbox 1538 2841 2019 2908; x_wconf 66' lang='lat' dir='ltr'><strong>z.v§28.11</strong></span> <span class='ocrx_word' id='word_1_422' title='bbox 2074 2847 2170 2909; x_wconf 79' lang='lat'><strong>24,</strong></span> <span class='ocrx_word' id='word_1_423' title='bbox 2228 2845 2297 2897; x_wconf 82' lang='lat'><strong>58</strong></span> <span class='ocrx_word' id='word_1_424' title='bbox 2354 2842 2677 2911; x_wconf 65' lang='lat' dir='ltr'><strong>atquem</strong></span> 
     </span>
     <span class='ocr_line' id='line_1_63' title="bbox 1528 2912 2398 2984; baseline 0.002 -16"><span class='ocrx_word' id='word_1_425' title='bbox 1528 2918 1884 2984; x_wconf 72' lang='lat' dir='ltr'><strong>praeceptam</strong></span> <span class='ocrx_word' id='word_1_426' title='bbox 1920 2944 1989 2954; x_wconf 87' lang='lat'><em>-</em></span> <span class='ocrx_word' id='word_1_427' title='bbox 2019 2917 2176 2983; x_wconf 79' lang='lat' dir='ltr'><strong>patet</strong></span> <span class='ocrx_word' id='word_1_428' title='bbox 2185 2912 2398 2970; x_wconf 64' lang='lat' dir='ltr'><strong>&#39;latius</strong></span> 
     </span>
    </p>

    <p class='ocr_par' dir='ltr' id='par_1_9' title="bbox 1608 2984 2673 3124">
     <span class='ocr_line' id='line_1_64' title="bbox 1608 2984 2673 3055; baseline 0.002 -16"><span class='ocrx_word' id='word_1_429' title='bbox 1608 2985 1697 3039; x_wconf 80' lang='lat' dir='ltr'><strong>Ka</strong></span> <span class='ocrx_word' id='word_1_430' title='bbox 1740 2984 1879 3040; x_wconf 74' lang='lat'><strong>‚81.</strong></span> <span class='ocrx_word' id='word_1_431' title='bbox 1932 2989 2018 3040; x_wconf 82' lang='grc'>86.</span> <span class='ocrx_word' id='word_1_432' title='bbox 2057 2984 2209 3039; x_wconf 87' lang='lat' dir='ltr'><strong>Nam</strong></span> <span class='ocrx_word' id='word_1_433' title='bbox 2245 2989 2308 3040; x_wconf 76' lang='lat' dir='ltr'><strong>at</strong></span> <span class='ocrx_word' id='word_1_434' title='bbox 2332 2990 2673 3055; x_wconf 74' lang='lat' dir='ltr'><strong>quaestuosa</strong></span> 
     </span>
     <span class='ocr_line' id='line_1_65' title="bbox 1755 3054 2671 3124; baseline 0 -13"><span class='ocrx_word' id='word_1_435' title='bbox 1755 3055 2020 3111; x_wconf 85' lang='lat' dir='ltr'><strong>enselben</strong></span> <span class='ocrx_word' id='word_1_436' title='bbox 2057 3054 2364 3111; x_wconf 75' lang='lat' dir='ltr'><strong>Gedanken</strong></span> <span class='ocrx_word' id='word_1_437' title='bbox 2402 3073 2444 3110; x_wconf 87' lang='lat' dir='ltr'><strong>s.</strong></span> <span class='ocrx_word' id='word_1_438' title='bbox 2485 3062 2536 3124; x_wconf 87' lang='lat'><strong>8,</strong></span> <span class='ocrx_word' id='word_1_439' title='bbox 2577 3062 2671 3112; x_wconf 84' lang='grc'><strong>22.</strong></span> 
     </span>
    </p>

    <p class='ocr_par' dir='ltr' id='par_1_10' title="bbox 1528 3127 2677 3680">
     <span class='ocr_line' id='line_1_66' title="bbox 1603 3127 2670 3198; baseline -0.001 -16"><span class='ocrx_word' id='word_1_440' title='bbox 1603 3127 1974 3197; x_wconf 71' lang='lat' dir='ltr'><strong>propendent.-</strong></span> <span class='ocrx_word' id='word_1_441' title='bbox 2017 3127 2117 3182; x_wconf 75' lang='lat' dir='ltr'><strong>das</strong></span> <span class='ocrx_word' id='word_1_442' title='bbox 2163 3127 2295 3182; x_wconf 90' lang='lat' dir='ltr'><strong>Bild</strong></span> <span class='ocrx_word' id='word_1_443' title='bbox 2338 3127 2416 3181; x_wconf 82' lang='lat' dir='ltr'><strong>ist</strong></span> <span class='ocrx_word' id='word_1_444' title='bbox 2461 3127 2670 3198; x_wconf 79' lang='lat' dir='ltr'><strong>herge·</strong></span> 
     </span>
     <span class='ocr_line' id='line_1_67' title="bbox 1535 3198 2675 3269; baseline -0.001 -16"><span class='ocrx_word' id='word_1_445' title='bbox 1535 3214 1800 3253; x_wconf 87' lang='lat' dir='ltr'><strong>nommen</strong></span> <span class='ocrx_word' id='word_1_446' title='bbox 1834 3214 1948 3254; x_wconf 81' lang='lat' dir='ltr'><strong>von</strong></span> <span class='ocrx_word' id='word_1_447' title='bbox 1993 3198 2092 3269; x_wconf 79' lang='lat' dir='ltr'><strong>der</strong></span> <span class='ocrx_word' id='word_1_448' title='bbox 2127 3198 2357 3268; x_wconf 78' lang='lat' dir='ltr'><strong>Wage‚·</strong></span> <span class='ocrx_word' id='word_1_449' title='bbox 2384 3217 2428 3253; x_wconf 85' lang='lat' dir='ltr'><strong>s.</strong></span> <span class='ocrx_word' id='word_1_450' title='bbox 2470 3203 2557 3266; x_wconf 81' lang='lat'><strong>17,</strong></span> <span class='ocrx_word' id='word_1_451' title='bbox 2597 3204 2675 3253; x_wconf 81' lang='lat'><strong>51</strong></span> 
     </span>
     <span class='ocr_line' id='line_1_68' title="bbox 1536 3269 2677 3339; baseline 0.001 -15"><span class='ocrx_word' id='word_1_452' title='bbox 1536 3274 1756 3325; x_wconf 73' lang='lat' dir='ltr'><strong>tantam</strong></span> <span class='ocrx_word' id='word_1_453' title='bbox 1813 3269 2154 3339; x_wconf 71' lang='lat' dir='ltr'><strong>propendere</strong></span> <span class='ocrx_word' id='word_1_454' title='bbox 2222 3270 2381 3325; x_wconf 82' lang='lat' dir='ltr'><strong>illam</strong></span> <span class='ocrx_word' id='word_1_455' title='bbox 2452 3271 2677 3325; x_wconf 72' lang='lat' dir='ltr'><strong>lancem</strong></span> 
     </span>
     <span class='ocr_line' id='line_1_69' title="bbox 1528 3357 2677 3480; baseline 0 -13"><span class='ocrx_word' id='word_1_456' title='bbox 1528 3357 1575 3410; x_wconf 66' lang='grc' dir='ltr'><em>Ρ</em></span> <span class='ocrx_word' id='word_1_457' title='bbox 1609 3417 1696 3467; x_wconf 76' lang='grc'><strong>87.</strong></span> <span class='ocrx_word' id='word_1_458' title='bbox 1733 3412 1946 3478; x_wconf 80' lang='lat' dir='ltr'><strong>horam,</strong></span> <span class='ocrx_word' id='word_1_459' title='bbox 1983 3411 2085 3466; x_wconf 85' lang='lat' dir='ltr'><strong>der</strong></span> <span class='ocrx_word' id='word_1_460' title='bbox 2104 3411 2521 3480; x_wconf 74' lang='lat' dir='ltr'><strong>Peripa-tetiker</strong></span> <span class='ocrx_word' id='word_1_461' title='bbox 2548 3412 2677 3467; x_wconf 74' lang='lat' dir='ltr'><strong>und</strong></span> 
     </span>
     <span class='ocr_line' id='line_1_70' title="bbox 1537 3481 2676 3550; baseline 0.001 -13"><span class='ocrx_word' id='word_1_462' title='bbox 1537 3482 1920 3538; x_wconf 75' lang='lat' dir='ltr'><strong>Akademiker</strong></span> <span class='ocrx_word' id='word_1_463' title='bbox 1936 3523 1951 3550; x_wconf 87' lang='lat'>‚</span> <span class='ocrx_word' id='word_1_464' title='bbox 1988 3482 2080 3538; x_wconf 80' lang='lat' dir='ltr'><strong>die</strong></span> <span class='ocrx_word' id='word_1_465' title='bbox 2116 3482 2195 3536; x_wconf 90' lang='lat' dir='ltr'><strong>im</strong></span> <span class='ocrx_word' id='word_1_466' title='bbox 2231 3481 2469 3537; x_wconf 79' lang='lat' dir='ltr'><strong>zweiten</strong></span> <span class='ocrx_word' id='word_1_467' title='bbox 2505 3482 2676 3539; x_wconf 77' lang='lat' dir='ltr'><strong>Teile</strong></span> 
     </span>
     <span class='ocr_line' id='line_1_71' title="bbox 1539 3552 2677 3625; baseline 0.003 -19"><span class='ocrx_word' id='word_1_468' title='bbox 1539 3553 1637 3610; x_wconf 85' lang='lat' dir='ltr'><strong>des</strong></span> <span class='ocrx_word' id='word_1_469' title='bbox 1684 3552 1876 3609; x_wconf 76' lang='lat' dir='ltr'><strong>Satzes</strong></span> <span class='ocrx_word' id='word_1_470' title='bbox 1921 3553 2070 3608; x_wconf 86' lang='lat' dir='ltr'><strong>noch</strong></span> <span class='ocrx_word' id='word_1_471' title='bbox 2116 3552 2418 3610; x_wconf 84' lang='lat' dir='ltr'><strong>besonders</strong></span> <span class='ocrx_word' id='word_1_472' title='bbox 2471 3553 2677 3625; x_wconf 79' lang='lat' dir='ltr'><strong>ausge-</strong></span> 
     </span>
     <span class='ocr_line' id='line_1_72' title="bbox 1536 3625 1964 3680; baseline -0.002 0"><span class='ocrx_word' id='word_1_473' title='bbox 1536 3625 1692 3680; x_wconf 58' lang='lat' dir='ltr'><strong>zahlt</strong></span> <span class='ocrx_word' id='word_1_474' title='bbox 1726 3625 1964 3680; x_wconf 83' lang='lat' dir='ltr'><strong>werden.</strong></span> 
     </span>
    </p>

    <p class='ocr_par' dir='ltr' id='par_1_11' title="bbox 1535 3694 2679 4251">
     <span class='ocr_line' id='line_1_73' title="bbox 1613 3694 2679 3753; baseline 0 -2"><span class='ocrx_word' id='word_1_475' title='bbox 1613 3696 1938 3753; x_wconf 76' lang='lat' dir='ltr'><strong>Xenocrate.</strong></span> <span class='ocrx_word' id='word_1_476' title='bbox 1989 3695 2095 3750; x_wconf 88' lang='lat' dir='ltr'><strong>Die</strong></span> <span class='ocrx_word' id='word_1_477' title='bbox 2131 3694 2253 3750; x_wconf 82' lang='lat' dir='ltr'><strong>drei</strong></span> <span class='ocrx_word' id='word_1_478' title='bbox 2278 3695 2503 3750; x_wconf 79' lang='lat' dir='ltr'><strong>Namen</strong></span> <span class='ocrx_word' id='word_1_479' title='bbox 2538 3695 2679 3751; x_wconf 82' lang='lat' dir='ltr'><strong>sind.</strong></span> 
     </span>
     <span class='ocr_line' id='line_1_74' title="bbox 1536 3766 2677 3838; baseline 0 -17"><span class='ocrx_word' id='word_1_480' title='bbox 1536 3766 1697 3822; x_wconf 81' lang='lat' dir='ltr'><strong>nicht</strong></span> <span class='ocrx_word' id='word_1_481' title='bbox 1744 3767 1806 3822; x_wconf 86' lang='lat' dir='ltr'><strong>in</strong></span> <span class='ocrx_word' id='word_1_482' title='bbox 1852 3766 2344 3836; x_wconf 81' lang='lat' dir='ltr'><strong>chronologiseher</strong></span> <span class='ocrx_word' id='word_1_483' title='bbox 2391 3766 2677 3838; x_wconf 82' lang='lat' dir='ltr'><strong>Ordnung</strong></span> 
     </span>
     <span class='ocr_line' id='line_1_75' title="bbox 1537 3835 2678 3909; baseline 0.002 -17"><span class='ocrx_word' id='word_1_484' title='bbox 1537 3839 1884 3909; x_wconf 62' lang='lat' dir='ltr'><strong>ausgezahlt,</strong></span> <span class='ocrx_word' id='word_1_485' title='bbox 1931 3837 2080 3892; x_wconf 84' lang='lat' dir='ltr'><strong>deun</strong></span> <span class='ocrx_word' id='word_1_486' title='bbox 2114 3837 2262 3892; x_wconf 78' lang='lat' dir='ltr'><strong>nach</strong></span> <span class='ocrx_word' id='word_1_487' title='bbox 2297 3835 2466 3894; x_wconf 75' lang='lat' dir='ltr'><strong>Plato</strong></span> <span class='ocrx_word' id='word_1_488' title='bbox 2502 3838 2678 3894; x_wconf 76' lang='lat' dir='ltr'><strong>hatte</strong></span> 
     </span>
     <span class='ocr_line' id='line_1_76' title="bbox 1537 3907 2673 3979; baseline 0.001 -16"><span class='ocrx_word' id='word_1_489' title='bbox 1537 3911 1722 3965; x_wconf 77' lang='lat' dir='ltr'><strong>zuerst</strong></span> <span class='ocrx_word' id='word_1_490' title='bbox 1759 3907 2127 3979; x_wconf 79' lang='lat' dir='ltr'><strong>Speusippus,</strong></span> <span class='ocrx_word' id='word_1_491' title='bbox 2174 3909 2273 3964; x_wconf 86' lang='lat' dir='ltr'><strong>der</strong></span> <span class='ocrx_word' id='word_1_492' title='bbox 2319 3907 2673 3964; x_wconf 72' lang='lat' dir='ltr'><strong>Schwester-</strong></span> 
     </span>
     <span class='ocr_line' id='line_1_77' title="bbox 1539 3979 2677 4048; baseline 0.001 -14"><span class='ocrx_word' id='word_1_493' title='bbox 1539 3980 1682 4035; x_wconf 87' lang='lat' dir='ltr'><strong>sohn</strong></span> <span class='ocrx_word' id='word_1_494' title='bbox 1715 3981 1928 4048; x_wconf 75' lang='lat' dir='ltr'><strong>Platos,</strong></span> <span class='ocrx_word' id='word_1_495' title='bbox 1966 3980 2116 4035; x_wconf 79' lang='lat' dir='ltr'><strong>nach</strong></span> <span class='ocrx_word' id='word_1_496' title='bbox 2150 3979 2270 4034; x_wconf 88' lang='lat' dir='ltr'><strong>ihm</strong></span> <span class='ocrx_word' id='word_1_497' title='bbox 2307 3979 2677 4035; x_wconf 75' lang='lat' dir='ltr'><strong>Xenokrates</strong></span> 
     </span>
     <span class='ocr_line' id='line_1_78' title="bbox 1538 4030 2676 4119; baseline 0 -13"><span class='ocrx_word' id='word_1_498' title='bbox 1538 4067 1637 4106; x_wconf 77' lang='lat' dir='ltr'><strong>aus</strong></span> <span class='ocrx_word' id='word_1_499' title='bbox 1685 4030 2039 4119; x_wconf 62' lang='lat' dir='ltr'><strong>Chalkedon,</strong></span> <span class='ocrx_word' id='word_1_500' title='bbox 2086 4050 2237 4106; x_wconf 73' lang='lat' dir='ltr'><strong>daun</strong></span> <span class='ocrx_word' id='word_1_501' title='bbox 2282 4049 2515 4107; x_wconf 89' lang='lat' dir='ltr'><strong>Polemo</strong></span> <span class='ocrx_word' id='word_1_502' title='bbox 2563 4067 2676 4106; x_wconf 78' lang='lat' dir='ltr'><strong>aus</strong></span> 
     </span>
     <span class='ocr_line' id='line_1_79' title="bbox 1535 4120 2674 4179; baseline 0 -2"><span class='ocrx_word' id='word_1_503' title='bbox 1535 4125 1724 4179; x_wconf 77' lang='lat' dir='ltr'><strong>Athen</strong></span> <span class='ocrx_word' id='word_1_504' title='bbox 1780 4123 1881 4178; x_wconf 77' lang='lat' dir='ltr'><strong>das</strong></span> <span class='ocrx_word' id='word_1_505' title='bbox 1935 4120 2253 4178; x_wconf 72' lang='lat' dir='ltr'><strong>Archontat</strong></span> <span class='ocrx_word' id='word_1_506' title='bbox 2315 4121 2416 4177; x_wconf 86' lang='lat' dir='ltr'><strong>der</strong></span> <span class='ocrx_word' id='word_1_507' title='bbox 2467 4120 2674 4177; x_wconf 75' lang='lat' dir='ltr'><strong>Plato-</strong></span> 
     </span>
     <span class='ocr_line' id='line_1_80' title="bbox 1538 4194 2202 4251; baseline 0.002 -2"><span class='ocrx_word' id='word_1_508' title='bbox 1538 4194 1770 4250; x_wconf 87' lang='lat' dir='ltr'><strong>nischen</strong></span> <span class='ocrx_word' id='word_1_509' title='bbox 1810 4194 2013 4250; x_wconf 87' lang='lat' dir='ltr'><strong>Schule</strong></span> <span class='ocrx_word' id='word_1_510' title='bbox 2053 4195 2202 4251; x_wconf 86' lang='lat' dir='ltr'><strong>inne.</strong></span> 
     </span>
    </p>

    <p class='ocr_par' dir='ltr' id='par_1_12' title="bbox 1534 4263 2680 4407">
     <span class='ocr_line' id='line_1_81' title="bbox 1604 4263 2680 4334; baseline -0.003 -13"><span class='ocrx_word' id='word_1_511' title='bbox 1604 4267 1792 4334; x_wconf 62' lang='lat' dir='ltr'><strong>nimis,</strong></span> <span class='ocrx_word' id='word_1_512' title='bbox 1821 4266 2210 4321; x_wconf 76' lang='lat' dir='ltr'><strong>blandimentis</strong></span> <span class='ocrx_word' id='word_1_513' title='bbox 2244 4269 2533 4333; x_wconf 75' lang='lat' dir='ltr'><strong>corrupta.-</strong></span> <span class='ocrx_word' id='word_1_514' title='bbox 2572 4263 2680 4319; x_wconf 82' lang='lat' dir='ltr'><strong>ein</strong></span> 
     </span>
     <span class='ocr_line' id='line_1_82' title="bbox 1534 4335 2679 4407; baseline 0 -16"><span class='ocrx_word' id='word_1_515' title='bbox 1534 4337 1861 4407; x_wconf 76' lang='lat' dir='ltr'><strong>Asyndeton</strong></span> <span class='ocrx_word' id='word_1_516' title='bbox 1897 4336 2190 4394; x_wconf 74' lang='lat' dir='ltr'><strong>dei-selben</strong></span> <span class='ocrx_word' id='word_1_517' title='bbox 2226 4337 2331 4392; x_wconf 79' lang='lat' dir='ltr'><strong>Art</strong></span> <span class='ocrx_word' id='word_1_518' title='bbox 2365 4335 2472 4393; x_wconf 70' lang='lat' dir='ltr'><strong>wie</strong></span> <span class='ocrx_word' id='word_1_519' title='bbox 2505 4335 2535 4389; x_wconf 91' lang='grc' dir='ltr'>Ι</span> <span class='ocrx_word' id='word_1_520' title='bbox 2577 4341 2679 4406; x_wconf 73' lang='lat'><strong>14,</strong></span> 
     </span>
    </p>
   </div>
   <div class='ocr_carea' id='block_1_8' title="bbox 1541 3058 1644 3112">
    <p class='ocr_par' dir='ltr' id='par_1_13' title="bbox 1541 3058 1644 3112">
     <span class='ocr_line' id='line_1_83' title="bbox 1541 3058 1644 3112; baseline -0.01 -3"><span class='ocrx_word' id='word_1_521' title='bbox 1541 3058 1644 3112; x_wconf 77' lang='lat' dir='ltr'><strong>eet.</strong></span> 
     </span>
    </p>
   </div>
   <div class='ocr_carea' id='block_1_9' title="bbox 2862 1931 2863 3353">
    <p class='ocr_par' dir='ltr' id='par_1_14' title="bbox 2862 1931 2863 3353">
     <span class='ocr_line' id='line_1_84' title="bbox 2862 1931 2863 3353; baseline 0 0"><span class='ocrx_word' id='word_1_522' title='bbox 2862 1931 2863 3353; x_wconf 95' lang='lat' dir='ltr'><strong> </strong></span> 
     </span>
    </p>
   </div>
   <div class='ocr_carea' id='block_1_10' title="bbox 2861 3566 2864 4586">
    <p class='ocr_par' dir='ltr' id='par_1_15' title="bbox 2861 3566 2864 4586">
     <span class='ocr_line' id='line_1_85' title="bbox 2861 3566 2864 4586; baseline 0 0"><span class='ocrx_word' id='word_1_523' title='bbox 2861 3566 2864 4586; x_wconf 95' lang='lat' dir='ltr'><strong> </strong></span> 
     </span>
    </p>
   </div>
  </div>
 </body>
</html>
