2902 4649
542 110 1146 167 TUSCULANARUM
1181 110 1792 196 DiSPUTATIONUM
1829 112 1923 169 111.
1964 119 2193 170 33-37.
2464 114 2553 180 23

186 280 264 339 iis
311 276 523 358 rebUS,
572 296 717 356 quas
763 279 943 340 malas
985 298 1116 340 esse
1155 281 1498 361 opinemur,
1547 279 1938 341 dissimulatio
1977 280 2071 341 vel
2108 280 2351 343 oblivio:
2396 280 2549 343 lace-

188 377 324 429 rant
389 376 632 448 vexant,
697 366 968 429 stimulos
1034 368 1375 446 admovent,
1446 370 1617 447 ignes
1683 368 1990 450 adhibent,
2063 372 2362 450 respirare
2427 389 2550 434 non

184 459 411 517 sinunt.
502 454 579 516 Et
625 466 691 517 tu
737 455 1006 518 oblivisci
1050 456 1250 539 iuheS,
1297 456 1458 536 quod
1505 465 1714 519 contra
1759 467 2033 520 naturam
2081 467 2199 540 est,
2247 462 2351 539 qui
2388 459 2550 540 quod

184 564 222 606 a
278 553 490 606 natura
547 545 749 607 datum
807 556 900 607 est
954 546 1237 607 auxilium
1295 555 1653 626 extorqueas
1708 549 2022 609 inveterati
2081 545 2351 610 doloris?
2441 548 2551 610 Est

189 636 351 698 enim
396 633 565 694 tarda
608 634 703 695 illa
754 635 996 714 quidem
1043 635 1360 716 medicina,
1418 634 1523 696 sed
1571 645 1770 697 tamen
1826 654 2062 718 magna,
2121 655 2300 717 quam
2359 637 2554 699 adfert

188 723 595 802 longinquitas
642 733 702 784 et
748 723 893 785 dieS.

368 809 545 872 Iubes
600 831 696 874 me
752 812 906 874 bona
964 815 1251 895 cogitare,
1307 813 1575 875 oblivisci
1631 814 1939 876 malorum.
2031 814 2276 878 Diceres
2322 815 2547 895 aliquid

186 911 255 961 et
312 918 523 980 magno
579 901 820 980 quidem
866 902 1217 981 philosopho
1274 901 1545 982 dignum,
1609 906 1662 963 si
1725 921 1793 964 ea
1856 901 2012 966 bona
2076 922 2208 966 esse
2275 908 2551 986 sentireS,

177 1007 353 1068 quae
401 999 601 1050 essent
655 990 895 1052 homine
951 991 1311 1070 dignissima.
1402 991 1767 1071 Pythagoras
1829 991 1978 1053 mihi
2041 995 2094 1058 si
2158 993 2385 1056 diceret
2448 1003 2550 1056 aut
2570 971 2660 1099 ἐξ

180 1077 481 1139 Socrates
529 1086 631 1141 aut
674 1078 866 1141 Plato:
937 1075 1103 1159 ‘quid
1149 1083 1307 1141 iaces
1354 1090 1456 1141 aut
1503 1081 1646 1160 quid
1693 1099 1926 1159 maeres
1971 1091 2075 1143 aut
2120 1101 2230 1143 cur
2275 1101 2548 1146 succum·

186 1168 286 1230 bis
334 1167 618 1246 cedisque
665 1166 984 1230 fortunae?
1031 1188 1196 1248 quae.
1220 1169 1552 1247 pervellere
1590 1180 1649 1230 te
1694 1171 1945 1232 forsitan
1981 1173 2248 1250 potuerit
2294 1181 2356 1232 et
2399 1190 2550 1251 pun-

183 1275 365 1338 gere,
412 1275 533 1317 non
578 1260 775 1336 potuit
816 1268 980 1319 certe
1018 1260 1176 1320 vires
1213 1259 1507 1337 frangere.
1600 1258 1809 1339 Magna
1847 1262 1935 1321 vis
1975 1268 2067 1321 est
2101 1262 2164 1321 in
2205 1260 2551 1322 virtutibus:

179 1365 292 1407 eas
340 1348 557 1428 excita,
613 1348 665 1407 si
710 1347 864 1407 forte
912 1346 1231 1408 dormiunt.
1323 1345 1446 1408 Iam
1505 1347 1613 1408 tibi
1667 1348 1862 1410 aderit
1914 1350 2198 1427 princeps
2244 1349 2550 1429 fortitudo,
2633 1392 2638 1397 -

175 1453 344 1515 quae
391 1442 451 1496 te
506 1437 702 1500 animo
757 1445 923 1497 tanto
980 1454 1113 1497 esse
1169 1445 1366 1517 coget,
1422 1444 1492 1497 ut
1548 1439 1769 1515 omnia,
1827 1455 1978 1517 quae
2032 1441 2268 1516 possint
2323 1438 2553 1502 homini

66 1595 71 1602 p
183 1526 462 1602 evenire,
510 1533 855 1586 contemnas
903 1533 963 1586 et
1009 1543 1119 1605 pro
1167 1524 1351 1586 nihilo
1388 1535 1584 1605 putes,
1674 1526 1884 1588 Aderit
1932 1528 2349 1607 temperantia,
2397 1545 2548 1606 quae

7 1617 8 1626 ’
176 1622 283 1675 est
328 1611 535 1673 eadem
582 1613 959 1695 moderatio,
983 1632 1017 1673 a
1063 1632 1158 1674 me
1207 1614 1449 1693 quidem
1494 1615 1669 1694 paulo
1718 1623 1853 1676 ante
1899 1615 2187 1694 appellata
2225 1616 2551 1696 frugalitaS,

180 1720 346 1782 quae
392 1710 454 1763 te
503 1704 761 1783 turpiter
807 1713 867 1763 et
915 1704 1193 1782 nequiter
1230 1704 1428 1764 facere
1466 1703 1615 1764 nihil
1650 1706 1929 1784 patietur.
2022 1703 2177 1775 Quid
2222 1715 2314 1767 est
2351 1715 2553 1770 autem

179 1792 450 1869 nequius
497 1800 600 1850 aut
646 1794 885 1871 turpius
933 1793 1287 1852 ecfeminato
1336 1788 1508 1855 viro?
1588 1792 1675 1854 Ne
1721 1795 1949 1855 iustitia
1996 1793 2239 1872 quidem
2286 1796 2443 1855 sinet
2490 1802 2549 1855 te

177 1882 301 1940 ista
360 1880 584 1960 facere,
651 1882 751 1940 cui
811 1882 1122 1941 minimum
1184 1899 1317 1942 esse
1364 1880 1600 1944 videtur
1658 1885 1741 1942 in·
1781 1881 1893 1943 hac
1953 1900 2132 1943 causa
2188 1882 2332 1963 loci,
2398 1901 2550 1962 quae

182 1979 392 2030 tamen
437 1969 519 2028 ita
566 1967 726 2029 dicet
773 1968 1091 2048 dupliciter
1148 1988 1280 2030 esse
1339 1978 1397 2031 te
1454 1972 1771 2051 iniustum,
1828 1989 1965 2033 cum
2024 1979 2084 2032 et
2140 1972 2396 2033 alienum
2453 1971 2551 2032 ad-

188 2065 366 2137 petas
377 2105 395 2138 ,
462 2060 566 2135 qui
627 2058 895 2119 mortalis
961 2066 1134 2119 natus
1200 2059 1601 2119 conditionem
1664 2060 1932 2139 postules
1996 2061 2427 2143 inmortalium,
2492 2070 2553 2122 et

45 2146 72 2153 ”
180 2147 455 2226 graviter
501 2145 657 2206 feras
706 2155 783 2227 te,
837 2146 993 2225 quod
1044 2146 1336 2207 utendum
1381 2150 1705 2230 acceperiS,
1751 2148 2100 2210 reddidisse.
2189 2149 2550 2212 Prudentiae
2572 2167 2640 2216 37

185 2253 339 2295 vero
388 2234 531 2313 quid
578 2234 971 2315 respondebis
1018 2235 1259 2296 docenti
1307 2238 1589 2297 virtutem
1636 2255 1769 2298 sese
1822 2256 1954 2298 esse
2011 2246 2377 2319 contentam,
2433 2257 2552 2317 quo

188 2323 375 2385 modo
417 2323 487 2384 ad
525 2323 678 2385 hene
716 2323 1059 2406 vivendum,
1106 2327 1192 2386 sic
1230 2327 1409 2386 etiam
1445 2324 1518 2385 ad
1561 2322 1775 2388 beate?
1867 2327 2031 2398 Quae
2077 2330 2129 2388 si
2176 2330 2554 2389 extrinsecus

258 2518 419 2583 ignes
472 2514 764 2569 adhibent.-
818 2514 870 2566 II
913 2520 1009 2580 25,
1048 2520 1116 2569 61
1170 2515 1321 2581 faces

176 2587 419 2641 dolori&
493 2584 522 2636 Ι
560 2590 646 2652 19,
682 2590 754 2639 44
790 2586 1039 2654 corporis
1073 2587 1237 2651 faces.

257 2657 347 2710 Et
382 2660 447 2710 tu
486 2686 552 2695 —
592 2657 771 2710 iubes:
808 2662 860 2711 et
895 2655 1002 2710 mit
1035 2656 1318 2725 Emphase

183 2728 334 2782 ‘und
383 2727 707 2782 trobzdem'.
783 2726 838 2783 S.
877 2745 922 2786 z,
960 2726 986 2779 I
1023 2731 1118 2794 38,
1156 2733 1222 2781 92
1271 2733 1320 2781 et

175 2800 430 2855 dubitas.

254 2871 552 2925 inveterati
642 2870 876 2934 dolorve,
980 2868 1129 2929 ‘dass
1220 2869 1320 2924 der

185 2939 461 2995 Schmerz
479 2940 587 2993 mit
605 2940 704 2994 der
723 2941 846 2995 Zeit
873 2941 996 2995 sich
1012 2958 1125 2996 von
1144 2940 1319 2996 selbst

182 3011 472 3067 mildere'.
547 2997 700 3066 Uber
745 3011 854 3066 den
902 3011 1142 3068 Genetiv
1191 3029 1233 3066 s,
1271 3031 1315 3066 z.

181 3085 210 3138 I
252 3088 355 3152 15,
393 3088 463 3137 34
499 3084 788 3137 mercedem
820 3084 1044 3152 yloriae.

262 3154 645 3226 lonqinquitas
690 3160 741 3208 et
781 3155 923 3221 dies,
970 3155 1064 3210 ein
1103 3152 1173 3209 ἓν
1219 3150 1315 3208 διὰ

180 3228 359 3282 δυοῖν
400 3251 467 3272 =
506 3227 881 3295 lonqinquitas
916 3228 1185 3295 temporis.

262 3297 410 3366 Καρ.
448 3297 547 3351 17.
623 3303 711 3351 36.
752 3297 1099 3368 Pythayoras
1150 3303 1217 3337 4-
1267 3298 1320 3351 si

173 3369 414 3424 diceret.
486 3368 708 3437 Wegen
735 3367 836 3422 der
862 3368 1056 3438 Lange
1084 3368 1183 3422 der
1209 3385 1321 3422 von

180 3441 398 3495 diceret
439 3439 797 3508 abh’angigen
834 3438 996 3493 Satze
1032 3438 1169 3495 lasst,
1206 3438 1318 3494 Cic.

187 3510 357 3565 nicht
394 3510 480 3563 als
518 3508 800 3564 Nachsatz
829 3526 1109 3578 parerem,
1145 3526 1321 3579 seque-

183 3598 286 3636 rer
322 3580 541 3651 folgen‚
582 3580 822 3635 sondem
850 3580 1181 3636 wiederholt
1211 3581 1321 3635 den

189 3651 539 3707 Vordersatz
565 3651 626 3706 in
652 3652 1012 3706 veranderber
1029 3652 1218 3706 Weise
1246 3653 1321 3706 ad

184 3723 329 3778 haec
374 3724 520 3778 bona
562 3740 644 3777 me
687 3725 739 3778 si
772 3739 1021 3789 revocas,
1055 3723 1321 3792 Epicure,

187 3794 328 3848 dem
365 3793 515 3849 daun
562 3794 663 3848 der
697 3794 978 3849 Nachsatz
1005 3810 1208 3863 parce,
1241 3810 1320 3849 se-

185 3882 334 3935 quor
368 3865 696 3934 entspricht.

254 3937 573 4006 pervellere,
609 3937 723 4008 vgl.
758 3936 815 3990 11
851 3942 947 4002 20,
984 3942 1072 3991 46.

262 4009 523 4078 princeps
572 4008 869 4075 fortitudo,
929 4009 1168 4063 ‘erstens
1223 4007 1315 4062 die

189 4078 568 4149 Tapferkeit’.
652 4079 838 4134 Wenn
897 4080 1161 4148 princeps
1223 4078 1318 4133 bei

189 4149 314 4205 Cic.
341 4152 447 4206 mit
475 4151 660 4206 einem
685 4151 931 4205 anderen
953 4149 1202 4204 Verbum
1230 4150 1315 4204 als

191 4222 306 4276 mit,
339 4239 445 4278 esse
490 4222 813 4277 verbunden
847 4221 1014 4290 κενὴ-ἁ,
1057 4220 1315 4276 bezeich-

193 4295 299 4347 net
326 4311 381 4348 es
407 4294 609 4349 immet
629 4293 721 4348 die
739 4292 1127 4363 Reihenfolge‚
1156 4291 1316 4348 nicht

1429 2476 1595 2569 eine·n
1615 2514 1887 2595 Yon-ang.
1951 2515 2213 2572 Dieselbe
2231 2516 2555 2588 Beziehung

1427 2585 1532 2640 auf
1590 2586 1681 2710 ssffi
1736 2586 1857 2640 vier
1909 2586 2473 2658 Kardinaltugenden
2509 2607 2548 2644 s.

1427 2744 1656 2852 seffei'ssg
1690 2729 2550 2880 {Zindze’zergets-qsgngzzttaoelmkfflss,

1427 2868 1547 2924 dare
1579 2886 1639 2923 er
1665 2870 1819 2925 d1ese
1839 2870 2036 2926 Worte
2064 2871 2193 2930 dem
2220 2871 2384 2928 Plato
2412 2871 2550 2927 oder

1426 2939 1774 3010 Pythagoras
1801 2942 1863 2995 in
1890 2941 2000 2996 den
2017 2942 2191 2996 Mund
2212 2943 2403 3013 gelegt
2427 2944 2550 2998 hat.

1499 3015 1737 3081 turpiter
1771 3019 1822 3068 et
1855 3015 2129 3083 nequiter:
2180 3014 2335 3069 diese
2374 3013 2549 3085 Syno-

1424 3100 1598 3152 nyma.
1661 3085 1886 3139 werden
1950 3085 2142 3155 hfiufig
2196 3086 2521 3141 verbunden

1426 3154 1557 3208 dem
1594 3155 1785 3210 ersten
1820 3155 1974 3211 steht
2007 3157 2248 3223 honeste,
2284 3158 2414 3211 dem
2449 3173 2549 3211 an—

1426 3226 1568 3280 dern
1601 3227 1898 3296 fruyaliter
1933 3229 2271 3297 gegenfiber.
2346 3228 2417 3282 de
2452 3228 2545 3286 fin.

1426 3296 1575 3365 118,
1616 3303 1684 3352 25
1729 3299 1875 3367 quod
1926 3299 2054 3352 bem
2102 3300 2165 3354 id
2213 3303 2376 3365 recte,
2422 3299 2546 3366 fru-

1426 3370 1651 3438 9aliter,
1704 3369 1918 3424 honeste
1925 3389 1947 3434 ;
2000 3370 2094 3423 ille
2140 3385 2311 3437 porro
2351 3386 2546 3439 prave,

1425 3440 1699 3509 nequiter,
1735 3441 1971 3509 wrpiter
2005 3441 2249 3495 cenabat.

1500 3512 1593 3565 cui
1626 3511 1915 3566 minimum
1951 3513 2055 3565 cet.
2069 3553 2084 3578 ,
2131 3510 2261 3566 weil
2298 3512 2547 3568 namlich

1427 3579 1519 3634 die
1571 3580 1999 3651 Gerechtigkeit
2045 3583 2194 3637 nach
2243 3583 2547 3639 stoischem

1425 3651 1645 3721 Begriff
1675 3652 1795 3706 sich
1831 3671 1937 3707 nur
1973 3652 2077 3708 auf
2098 3670 2265 3709 unser
2283 3655 2544 3709 Verbalt·

1426 3723 1515 3777 nis
1568 3742 1638 3777 zu
1692 3740 1932 3778 unseren
1984 3724 2394 3781 Mitmenschen
2446 3728 2547 3781 be-

1426 3794 1593 3848 zieht.
1666 3794 1736 3848 de
1772 3794 1863 3851 off.
1907 3795 1934 3848 l
1970 3801 2028 3863 ’1,
2068 3803 2153 3850 20.
2296 3867 2309 3879 ⁰

1422 3868 1692 4019 hetholttizat
1736 3955 1841 3993 uns
1857 3865 2545 4020 ugluratci‘eetzi’ssilgffbggffss

1425 4006 1526 4061 der
1563 4008 1848 4063 einzelnen
1874 4008 2058 4081 Dmge
2093 4011 2391 4080 gestatten
2430 4011 2547 4066 und

1425 4078 1529 4132 wir
1592 4078 1793 4134 diirfen
1855 4098 1961 4136 uns
2023 4081 2184 4136 nicht
2244 4081 2378 4136 bekl
2456 4099 2545 4150 en,

1424 4165 1589 4203 wenn
1640 4151 1720 4205 sie
1773 4150 2061 4207 dieselben
2108 4151 2402 4208 zuriickfor
2442 4156 2544 4223 ert,

1422 4237 1589 4275 wann
1635 4237 1694 4276 es
1741 4222 1832 4276 ihr
1866 4223 2093 4278 beliebt.
2167 4224 2220 4279 S.
2259 4225 2285 4278 I
2322 4231 2416 4293 39,
2456 4230 2542 4281 93.

1496 4298 1582 4348 37.
1647 4295 1697 4349 si
1747 4295 2082 4350 extrinsecus
2129 4296 2364 4365 reliqata
2414 4300 2544 4364 cet„
