2902 4649
325 79 410 142 62

1113 79 1190 135 M.
1228 77 1474 133 TULLII
1512 75 1896 133 CICERONIS

458 246 691 323 Mate'r,
738 254 795 309 te
842 251 1104 324 appelle,
1153 245 1244 322 tu,
1291 264 1450 321 quae
1496 263 1715 306 euram
1760 245 1965 307 so'mno
2011 245 2300 322 suspenso'
2346 249 2537 320 levas,

458 354 652 411 neque
697 335 759 397 te'
799 340 920 397 mei
961 340 1233 397 miseret:
1277 334 1467 410 surae
1513 341 1573 396 et
1614 337 1805 411 sepeli
1848 331 2058 395 natum
2104 341 2271 399 tuum

325 493 409 502 —
456 460 602 520 haec
648 479 786 521 cum
830 463 1055 540 pressis
1102 468 1162 521 et
1206 459 1505 520 flebilibus
1542 460 1759 539 modiS,
1808 461 1911 538 qui
1958 462 2100 520 totis
2146 459 2396 519 theatris
2444 460 2692 518 maesti-

322 550 467 610 tiam
510 549 794 631 inferant,
832 551 1260 629 concinuntur,
1299 548 1540 609 difficile
1587 554 1680 608 est
1726 567 1846 608 non
1893 567 2024 628 eoS,
2063 550 2165 626 qui
2211 548 2503 608 inhumati
2542 548 2690 627 sint,

322 640 575 698 miseros
620 633 883 698 iudicare
933 672 1017 680 —

410 815 807 892 voluere'sque
853 864 864 875 .
915 864 927 876 .

324 955 408 964 ——-
449 925 671 984 metuit
716 942 791 983 ne
839 923 1112 984 laceratis
1158 923 1444 984 membris
1492 925 1691 983 minus
1736 921 1889 982 bene
1939 931 2168 1005 utatur3
2230 942 2305 983 ne
2353 922 2694 1003 conbustiS‚

323 1030 444 1071 non
493 1014 826 1072 extimescit
871 1045 956 1055 ——

1729 731 1909 804 prius
1954 725 2137 802 qua'm
2177 726 2359 802 ferae

411 1154 530 1197 neu
576 1135 873 1211 reliquias
919 1138 1145 1212 quaeso'
1189 1155 1355 1199 meas
1399 1140 1581 1199 sireis
1629 1134 1957 1197 denudatis
2003 1137 2235 1197 ossibus

405 1243 525 1300 per
571 1223 805 1285 te'rram
848 1229 1024 1286 sanie
1071 1225 1371 1286 delibutas
1411 1223 1596 1300 foe'de
1642 1223 2019 1286 divexdrier.

219 1365 411 1414 107—
458 1347 591 1407 Non
637 1347 918 1427 intellego
966 1349 1107 1428 quid
1156 1355 1412 1429 metuat,
1470 1367 1607 1409 cum
1652 1356 1774 1408 tam
1819 1347 2010 1407 bonos
2059 1308 2427 1426 septenarios
2475 1345 2689 1407 fundat

327 1435 398 1495 ad
446 1435 667 1497 tibiam.
712 1469 785 1479 —
830 1436 1183 1497 Tenendum
1229 1446 1321 1498 est
1367 1439 1579 1516 igitur,
1628 1436 1775 1496 nihil
1813 1435 2144 1496 curandum
2182 1453 2314 1495 esse
2351 1441 2488 1514 post
2524 1453 2685 1494 mor-

323 1533 474 1604 tem,
533 1542 670 1584 cum
729 1525 901 1585 multi
957 1528 1230 1586 inimicos
1289 1529 1467 1586 etiam
1522 1532 1792 1584 mortuos
1849 1527 2229 1603 poeniuntur.
2320 1522 2688 1584 Exsecratur

323 1611 645 1674 luculentis
704 1632 844 1674 sane
891 1614 1163 1675 versibus
1211 1615 1366 1693 apud
1412 1613 1675 1674 Ennium
1722 1612 2042 1694 Thyestes,
2097 1616 2357 1692 primum
2414 1619 2482 1673 ut
2537 1631 2685 1673 nau·

323 1702 510 1779 fregio
567 1710 774 1780 pereat
819 1701 1061 1764 Atreus:
1126 1703 1343 1764 durum
1404 1704 1519 1764 hoc
1581 1721 1750 1782 sane3
1815 1701 1948 1763 talis
2009 1704 2169 1762 enim
2225 1703 2506 1763 interitus
2562 1719 2686 1761 non

323 1796 416 1849 est
463 1792 592 1849 sine
640 1792 802 1868 gravi
850 1809 1059 1871 sensu3
1106 1790 1203 1851 illa
1248 1794 1471 1872 inania,

410 1885 550 1990 Ipse
594 1918 838 1975 summis
883 1913 1056 1975 sciatis
1096 1919 1265 1988 fixus
1313 1915 1575 1992 asperis,
1625 1912 2024 1989 evisceratus,

408 2001 603 2063 ldtere
638 2006 915 2080 pendens
924 2050 942 2079 ,
987 2001 1149 2065 sdxa
1196 2023 1496 2080 sparqens
1543 2001 1708 2079 ta'bo,
1756 2007 1930 2065 sanie
1976 2010 2036 2065 et
2078 2000 2383 2078 sanquine
2427 2009 2587 2064 atre.

318 2125 448 2186 Non
498 2129 623 2206 ipsa
672 2145 809 2188 saxa
855 2131 1041 2207 magis
1089 2147 1272 2189 sensu
1328 2130 1490 2188 omni
1537 2127 1830 2188 vacabunt
1886 2145 2064 2205 quam
2120 2126 2218 2187 ille
2273 2122 2480 2187 ‘latere
2536 2146 2686 2207 pen-

319 2211 509 2295 dens',
555 2218 652 2276 cui
701 2235 764 2276 se
812 2216 908 2276 hic
954 2219 1288 2278 cruciatum
1336 2225 1541 2277 censet
1598 2224 1823 2295 optare.
1918 2215 2083 2286 Quae
2140 2210 2355 2277 essent¹
2396 2216 2573 2298 dura,
2630 2218 2686 2276 si

319 2306 594 2387 sentiret,
642 2305 802 2366 nulla
845 2312 988 2367 sunt
1034 2308 1162 2366 sine
1212 2326 1409 2367 sensu.
1502 2305 1655 2366 illud
1702 2323 1843 2366 vero
1892 2322 2183 2385 perquam
2228 2307 2432 2366 inane:

408 2427 616 2503 Ne'que
660 2431 1050 2504 sepulchrum
1096 2431 1214 2505 quo'
1261 2435 1528 2535 recipiat
1571 2427 1821 2504 habeat,
1860 2436 2109 2505 portum
2157 2429 2461 2534 cerporis‚

407 2515 516 2577 ubi
557 2520 813 2577 remissa
859 2516 1131 2579 humana
1177 2523 1302 2580 vita
1349 2520 1573 2596 eo'rpus
1619 2516 1970 2594 requieseat
2013 2521 2206 2579 malis.

317 2640 493 2702 Vides
541 2649 761 2721 quanto
808 2641 954 2701 haec
1008 2643 1071 2701 in
1133 2661 1339 2703 errore
1398 2649 1743 2703 versentur:
1798 2649 2041 2722 portum
2097 2660 2270 2703 esse
2289 2643 2560 2720 corporis
2616 2650 2683 2703 et

387 2846 574 2885 somno
626 2848 912 2899 suspensO,
971 2832 1171 2887 ‘durch
1213 2847 1437 2899 sergen-

314 2900 531 2967 vollen‚
598 2902 914 2972 unruhigen
978 2902 1212 2957 Schlaf’.
1294 2900 1436 2955 Plin.

317 2987 404 3041 ep.
444 2972 521 3026 VI
557 2978 653 3041 20,
696 2979 761 3026 19
815 2989 1133 3042 suspensam
1187 2973 1436 3027 dubiam-

317 3059 418 3111 que
452 3048 657 3097 noctem
712 3061 805 3112 spe
851 3061 917 3098 ac
960 3049 1104 3097 metu
1149 3044 1434 3111 exeyimus.

316 3112 496 3167 Iliona
558 3114 717 3167 hatte
781 3115 956 3170 sehon
1019 3116 1142 3168 eine
1192 3114 1439 3183 Ahnung

314 3200 426 3239 von
463 3183 590 3238 dem
629 3186 1111 3240 bevorstehenden
1144 3184 1364 3240 Unheil.

379 3258 614 3324 pressis,
669 3256 964 3324 gehen-en,
1020 3257 1279 3325 langsam
1316 3273 1438 3311 vor·

314 3327 602 3396 getragen.
681 3325 866 3391 Quint.
922 3327 1000 3381 XI
1047 3334 1098 3395 3,
1148 3333 1248 3381 111
1308 3328 1439 3381 aliis

314 3398 448 3451 locis
489 3399 688 3464 citata,
743 3400 874 3453 aliis
920 3415 1116 3467 pressa
1163 3399 1439 3453 conveniet

306 3470 712 3535 pronuntiatio.
788 3470 915 3539 Vgl.
964 3470 1082 3525 Liv.
1128 3470 1258 3524 VIII
1305 3474 1364 3537 8,
1404 3475 1435 3523 9

308 3540 446 3607 pede
482 3555 682 3607 pr.esso

385 3610 639 3676 theatris,
654 3626 785 3665 vom
795 3610 1097 3665 Pubhkum
1109 3612 1436 3681 gebraucht,

313 3680 518 3749 vg1.11
555 3651 652 3748 26’,
692 3686 775 3736 64

387 3758 505 3806 107.
543 3724 906 3821 septenarios:
955 3753 1059 3807 Die
1098 3752 1271 3809 Verse
1310 3754 1436 3808 sind

306 3821 623 3891 jambische
679 3822 981 3879 Oktonare.
1055 3824 1167 3879 Der
1231 3827 1434 3880 Irrtum

314 3892 534 3949 Ciceros
553 3895 657 3949 hat
676 3895 826 3948 wohl
845 3894 1005 3949 darin
1024 3896 1213 3950 seinen
1224 3895 1432 3964 Grund,

314 3964 437 4018 dass
474 3966 564 4020 die
591 3966 800 4020 Romer
835 3966 945 4021 den
979 3967 1233 4036 biiufiger
1265 3984 1432 4035 ange-

311 4036 576 4090 wandten
629 4055 727 4091 um
783 4036 907 4091 eine
956 4037 1108 4092 Silbe
1162 4039 1433 4091 kfirzeren

311 4106 766 4162 katalektischen
784 4108 1134 4164 Teia-ametor
1161 4109 1433 4175 Septenar

313 4181 578 4234 nannten.
651 4178 826 4233 Beide
862 4183 1036 4236 Arten
1071 4196 1182 4235 von
1219 4178 1431 4233 Versen

311 4250 541 4305 wurden
569 4253 733 4305 unter
751 4251 1280 4322 Flotenbegleitung
1307 4267 1430 4305 vor·

1547 2834 1835 2900 gebi-agen.
1893 2828 2115 2885 Andere
2151 2831 2340 2886 haben
2373 2829 2499 2884 hier
2537 2831 2677 2901 Sep-

1547 2904 1740 2956 tenare
1777 2901 2082 2956 herstellen
2118 2902 2337 2956 wollen.

1618 2974 1802 3037 sireis,
1874 2973 1991 3027 alte
2063 2972 2234 3027 Form
2304 2972 2395 3034 ,fiir
2463 2973 2677 3029 siveris.

1545 3045 1687 3098 mias
1725 3068 1793 3088 =--·
1830 3059 1990 3098 meas.

1621 3114 1901 3184 Tthestes
1962 3114 2239 3168 nachdem
2291 3114 2495 3169 Atreus
2550 3114 2673 3172 ihm

1547 3186 1699 3240 seine
1729 3185 1936 3239 Kinder
1972 3203 2098 3239 zum
2125 3185 2317 3238 Mahle
2352 3186 2677 3254 vorgesetzt

1545 3256 1721 3310 hatte.
1796 3256 1910 3310 Das
1949 3255 2127 3310 Stuck
2162 3254 2350 3310 fflhrte
2383 3273 2496 3310 von
2526 3257 2680 3327 Thy-

1547 3330 1693 3381 estes
1730 3327 1921 3381 seinen
1959 3326 2196 3409 Nam-en.

1615 3400 1734 3453 sine
1773 3414 1961 3464 sensu,
2007 3399 2060 3453 d.
2099 3398 2135 3453 i.
2182 3398 2329 3467 quod
2372 3398 2465 3452 ille
2509 3414 2674 3454 sensu

1546 3473 1708 3523 caret.

1617 3556 1722 3608 quo
1758 3540 2017 3607 recipiat:
2053 3541 2287 3607 recipere
2322 3539 2411 3592 fiir
2444 3555 2502 3593 se
2532 3541 2669 3595 reci·

1538 3627 1668 3679 pere
1703 3611 1778 3664 ist
1811 3611 2003 3679 httufig
2046 3609 2107 3664 in
2144 3611 2244 3666 der
2267 3608 2498 3670 ἤΙὺειοιι
2533 3610 2669 3667 Poe·

1544 3682 1642 3736 sie.
1716 3680 1897 3735 Plaut.
1929 3681 2133 3738 Bacch.
2164 3680 2219 3732 II
2247 3688 2297 3748 3,
2321 3687 2390 3736 60
2418 3680 2671 3737 Rursum

1541 3754 1606 3806 in
1652 3758 1878 3821 portum
1932 3753 2242 3822 recipimus.
2317 3754 2467 3808 Aber
2522 3753 2669 3808 auch

1544 3823 1667 3878 Cae.
1715 3824 1770 3879 b.
1819 3822 2242 3891 Ga11.148‚7
2285 3824 2339 3877 si
2391 3837 2497 3893 quo
2552 3829 2671 3882 erat

1541 3896 1759 3965 lonyius
1785 3896 2174 3963 prodeundum
2209 3899 2308 3949 aut
2336 3896 2562 3949 celerius
2587 3911 2668 3949 re-

1541 3968 1871 4035 cipiendum.

1612 4039 1742 4093 haec
1776 4039 1841 4091 in
1876 4054 2057 4092 errore
2092 4052 2255 4102 vers„
2293 4052 2408 4093 von
2434 4035 2534 4091 der
2561 4035 2670 4094 fal-

1541 4110 1712 4163 schen
1749 4108 2113 4178 Vorstellung
2148 4110 2375 4177 gesagt,
2428 4108 2574 4162 auch
2611 4109 2665 4166 d.

1539 4179 1593 4233 d.
1629 4182 1745 4234 nat.
1784 4179 1863 4233 III
1904 4186 1994 4247 10,
2049 4186 2118 4234 26
2172 4180 2303 4233 haec
2360 4180 2550 4236 omnia
2602 4180 2672 4234 in

1539 4251 1717 4304 eodem
1753 4281 1823 4291 —-
1859 4267 2040 4306 errore
2074 4255 2380 4307 versantur.

2855 4423 2861 4458 1
