2902 4649
262 1336 352 1466 2⁶⁴3}

369 145 499 212 130
587 94 591 98 ⁴

1091 215 1096 224 ι

1075 231 1092 290 Ι

1064 0 1101 209 χ
1153 141 1229 199 Μ.
1265 143 1515 198 TULLII
1553 143 1938 200 CICERONIS

366 311 546 375 caede
606 320 667 373 et
725 312 963 373 iniuriis
1020 329 1053 372 c
1102 327 1161 370 m
1218 318 1280 371 et
1333 309 1549 371 diurno
1606 319 1669 372 et
1723 318 2020 373 nocturno
2065 318 2247 372 metu.
2339 310 2461 390 Age
2508 311 2725 373 confer

365 402 787 481 Democritum,
832 399 1057 480 Pythag
1134 416 1246 480 am,
1290 398 1723 482 Anaxagoram3
1770 418 1921 479 quae
1969 417 2170 481 regna,
2217 418 2365 480 quas
2402 417 2545 480 opes
2591 410 2719 462 stu-

277 500 344 551 67
366 491 479 552 diis
517 507 724 551 eorum
764 496 825 551 et
861 463 1356 556 delectationibus
1391 483 1762 568 antepones?
1834 488 2072 552 Etenim
2109 506 2263 567 quae
2298 506 2438 569 pars
2475 496 2721 569 optuma

366 587 460 641 est
504 581 567 639 in
611 578 881 659 homine,
932 579 996 639 in
1041 583 1138 640 eass
1160 578 1343 641 situm
1388 595 1522 639 esse
1577 595 1822 639 necesse
1879 585 1972 639 est
2025 576 2200 659 illud,
2255 577 2415 657 quod
2462 580 2730 660 quaeris,

367 678 696 748 optumum.
787 666 942 738 Quid
998 677 1090 727 est
1146 674 1341 728 autem
1388 668 1454 727 in
1507 666 1748 728 homine
1794 668 1990 747 sagaci
2033 685 2103 727 ac
2149 666 2305 728 bona
2350 676 2549 729 mente
2594 685 2722 730 me·

366 752 527 819 lius?
593 754 743 817 Eius
788 754 948 817 hono
991 754 1312 817 fruendum
1359 764 1455 817 est
1496 757 1706 837 igitur,
1761 758 1812 818 si
1869 755 2028 819 beati
2081 774 2214 817 esse
2262 755 2561 837 volumus3
2615 754 2729 817 bo·

365 864 514 908 num
567 851 765 906 autem
819 846 1039 906 mentis
1094 852 1187 905 est
1239 846 1460 907 virtus:
1525 862 1667 924 ergo
1723 844 1834 906 hac
1896 844 2129 908 beatam
2185 847 2364 906 vitam
2422 846 2724 907 contineri

367 953 615 998 necesse
661 941 770 995 est.
861 932 1014 995 Hinc
1060 936 1282 1015 omnia,
1340 952 1491 1013 quae
1547 933 1824 1015 pulchra,
1879 933 2157 1015 honesta,
2210 934 2516 1014 praeclara
2561 942 2731 1016 sunt,

368 1032 438 1086 ut
497 1042 679 1104 supra
738 1021 886 1104 dixi,
960 1022 1064 1084 sed
1125 1020 1443 1083 dicendum
1501 1022 1660 1084 idem
1719 1021 1864 1084 illud
1923 1022 2100 1103 paulo
2162 1022 2407 1086 uberius
2466 1021 2732 1104 videtur,

367 1113 541 1194 plena
588 1110 942 1192 gaudiorum
986 1118 1144 1173 sunt.
1234 1109 1324 1172 Ex
1368 1113 1683 1191 perpetuis
1729 1120 1926 1175 autem
1965 1111 2276 1192 plenisque
2314 1110 2543 1191 gaudiis
2582 1130 2727 1174 oum

367 1203 755 1283 perspicuum
801 1202 881 1261 sit
926 1202 1104 1261 vitam
1148 1197 1382 1262 beatam
1429 1202 1746 1281 exsistere,
1805 1202 2079 1280 sequitur
2124 1210 2193 1262 ut
2239 1219 2307 1261 ea
2352 1202 2600 1264 exsistat
2648 1219 2726 1262 ex

368 1291 695 1374 homestate.

550 1377 666 1439 Sed
716 1395 791 1439 ne
839 1376 1037 1439 verbis
1083 1376 1274 1439 solum
1323 1380 1681 1457 attingamus
1727 1396 1824 1459 ea,
1868 1396 2020 1457 quae
2070 1377 2341 1441 volumus
2387 1377 2737 1458 ostendere,

370 1466 756 1548 proponenda
813 1465 1100 1546 quaedam
1168 1468 1338 1546 quasi
1400 1469 1698 1528 moventia
1761 1477 1928 1548 sunt,
2003 1485 2154 1546 quae
2226 1485 2337 1528 nos
2400 1469 2613 1547 magis·
2655 1467 2732 1528 ad

372 1558 770 1637 cognitionem
842 1554 1424 1636 intellegentiamque
1505 1563 1869 1618 convertant.
1962 1555 2247 1618 Sumatur
2318 1558 2478 1618 enim
2551 1554 2737 1617 nobis

372 1646 610 1725 quidam
664 1652 975 1725 praestans
1029 1647 1120 1705 vir
1175 1647 1435 1724 optumis
1492 1644 1719 1706 artibus
1783 1646 1954 1724 isque
2021 1646 2219 1705 animo
2278 1662 2601 1725 parumper
2666 1654 2739 1706 et

372 1736 727 1813 cogitatione
776 1733 1048 1812 fingatur.
1139 1732 1405 1795 Primum
1450 1735 1691 1813 ingenio
1738 1736 1953 1795 eximio
2013 1736 2091 1795 sit
2134 1750 2384 1795 necesse
2430 1741 2550 1814 est;
2607 1741 2735 1794 tar-

372 1823 465 1885 dis
511 1823 671 1883 enim
716 1820 1018 1883 mentibus
1064 1823 1255 1886 virtus
1300 1840 1421 1882 non
1468 1822 1639 1884 facile
1686 1825 2030 1903 comitatum
2087 1822 2299 1886 deinde
2350 1823 2427 1885 ad
2484 1824 2735 1883 investi·

372 1911 624 1991 gandam
666 1912 980 1972 veritatem
1027 1910 1223 1972 studio
1269 1913 1533 1972 incitato.
1624 1910 1714 1974 Ex
1760 1929 1878 1991 quo
1925 1910 2142 1991 triplex
2187 1909 2287 1972 ille
2340 1913 2520 1973 animi
2567 1911 2739 1972 fetus

359 2003 646 2062 exsistet:
690 2017 850 2060 unus
895 2000 957 2059 in
1005 2001 1340 2079 cognitione
1386 2017 1594 2062 rerum
1637 2002 1872 2079 positus
1918 2009 1979 2061 et
2025 2003 2088 2060 in
2127 1999 2518 2080 explicatione
2555 2007 2731 2061 natu·

371 2106 501 2170 rae,
556 2088 706 2150 alter
760 2089 822 2170 in
878 2086 1265 2168 discriptione
1321 2088 1791 2169 expetendarum
1835 2088 2370 2169 fugiendarumque
2416 2107 2623 2150 rerum
2671 2095 2743 2150 et
2778 2158 2784 2164 ¹

444 2260 510 2315 in
564 2259 724 2314 caede
730 2298 749 2326 ,
805 2273 905 2312 aus
959 2260 1210 2314 alebatur
1265 2258 1341 2313 ist
1394 2259 1497 2314 der

374 2330 770 2402 allgemeinere
805 2330 1023 2401 Begriff
1058 2332 1383 2387 versabatur
1426 2349 1496 2386 zu

374 2407 679 2474 ergfinzen:
745 2401 839 2455 ein
901 2401 1193 2457 ahnliches
1248 2402 1498 2474 Zeugma.

373 2474 481 2529 wie
517 2474 571 2528 II
608 2477 694 2542 24,
734 2477 816 2528 5⁷.
1267 2502 1272 2507 ·

449 2544 820 2599 Democritum
856 2544 881 2597 I
921 2549 1007 2610 11,
1043 2549 1130 2599 23.

446 2616 849 2685 Auaoeayoram
882 2615 908 2669 I
944 2620 1030 2685 43,
1073 2620 1189 2677 104.

448 2693 533 2743 67.
587 2685 828 2741 Etenim.
907 2685 1020 2740 Der
1083 2703 1227 2741 neue
1280 2686 1497 2742 Beweis

375 2757 631 2815 schliesst
683 2756 802 2812 sich
852 2772 927 2811 an
979 2755 1070 2812 die
1123 2774 1169 2812 c.
1212 2762 1276 2812 18
1329 2774 1497 2828 gege-

374 2830 558 2884 benen
602 2844 702 2884 an:
751 2827 851 2882 das
896 2828 1132 2883 hochste
1175 2827 1290 2884 Gnt
1334 2830 1497 2899 (opti-

375 2901 544 2969 mum)
588 2899 664 2953 ist
710 2899 837 2966 das,
888 2915 1004 2954 was
1051 2900 1150 2953 der
1185 2898 1370 2955 Ναί-,αι’
1405 2917 1501 2954 am

376 2970 616 3026 meisten
672 2969 982 3040 entspricht
1036 2970 1151 3025 und
1206 2971 1306 3026 der
1359 2971 1499 3025 dau-

378 3042 547 3099 ernde
603 3040 790 3095 Besitz
844 3041 1164 3110 desselben,
1219 3042 1274 3095 d.
1310 3041 1347 3096 i.
1404 3042 1498 3097 die

377 3106 1500 3254 {trater}teuerstatt

377 3257 479 3311 das
523 3255 677 3310 ihrer
722 3254 905 3309 Natur
961 3270 1054 3309 am
1104 3252 1339 3309 meisten
1378 3258 1501 3309 ent-

381 3325 725 3396 sprechende
744 3324 836 3394 ist,
852 3325 993 3380 wird
1012 3324 1305 3381 bestimmt
1324 3325 1500 3381 durch

379 3399 489 3454 den
525 3396 1001 3467 eigenttimlichen
1029 3397 1153 3452 Teil
1189 3398 1339 3452 ihtes
1369 3397 1501 3451 We-

379 3485 522 3534 sens‚
560 3468 614 3524 d.
633 3470 673 3523 i.
710 3468 805 3532 bei
841 3467 968 3522 dem
992 3467 1298 3524 Menschen
1325 3467 1504 3522 durch

383 3539 476 3595 die
492 3539 784 3593 Vernunft.
841 3537 1095 3607 Folglich
1132 3539 1209 3594 ist
1245 3538 1345 3594 das
1364 3539 1503 3594 Ver·

381 3608 797 3680 nunstgemffl'se
825 3605 1036 3679 (καλόν,
1065 3611 1362 3677 ἢοπεεὺιωπ,
1389 3610 1503 3665 Tu·

384 3681 556 3753 gend)
594 3680 683 3734 fiir
727 3679 838 3734 den
871 3679 1175 3736 Menschen
1210 3680 1503 3737 unmittel-

381 3754 484 3808 bar
548 3751 650 3807 das
712 3750 1142 3821 Naturgemasse
1212 3752 1349 3808 oder
1411 3752 1504 3808 die

382 3821 847 3892 Glfickseligkeit.
882 3820 1089 3877 Diesen
1104 3822 1505 3894 Hauptbeweis

301 3907 308 3914 ’
382 3896 482 3950 der
538 3893 762 3950 Stoiker
826 3894 930 3948 hat
989 3890 1102 3948 Cic.
1159 3893 1283 3949 hier
1345 3894 1506 3949 nieht

381 3966 543 4022 recht
576 3965 704 4021 klar
741 3964 1162 4035 durchgefiihrt.

454 4038 662 4106 iyitur:
697 4052 832 4090 man
865 4035 1131 4105 beachte,
1170 4035 1292 4090 dass
1329 4037 1505 4107 ἐρίων

383 4106 510 4162 hier
545 4122 617 4160 an
654 4108 751 4162 der
787 4107 1010 4163 fiinften
1048 4105 1224 4162 Stelle
1263 4108 1430 4165 steht.
1484 4167 1488 4172 ,

456 4193 630 4247 supra
664 4179 807 4245 dixi,
847 4183 929 4248 15,
967 4183 1054 4233 43.

455 4247 597 4318 Καρ.
636 4246 733 4303 24.
809 4255 892 4305 68.
932 4250 1229 4316 moventia,
1273 4247 1506 4320 Beweg-

387 4319 616 4392 grande,
637 4317 1007 4378 Triebfedern.
1043 4323 1207 4392 quasi
1223 4321 1505 4376 entechul-

1604 2258 1728 2330 digt
1753 2259 1864 2314 den
1897 2259 2404 2331 ungewohnlichen
2431 2258 2737 2315 Gebrauch

1605 2330 1705 2387 des
1740 2330 2004 2401 Particip.
2043 2332 2128 2388 als
2174 2331 2520 2389 Substantiv.

1675 2403 1889 2457 artibus
1950 2402 2074 2457 hier
2135 2402 2197 2459 in
2270 2402 2738 2472 allgemeinerem

1606 2472 1802 2540 Sinne,
1856 2471 1917 2526 in
1952 2474 2224 2529 welchem
2269 2475 2369 2529 das
2404 2474 2573 2530 Wort
2619 2474 2738 2529 Tu-

1606 2543 1827 2614 genden
1862 2545 1979 2599 und
2006 2545 2343 2601 Kenntnisse
2378 2545 2440 2599 in
2475 2545 2598 2601 sich
2633 2545 2736 2601 be-

1606 2614 1793 2685 greift.
1850 2614 1919 2670 de
1957 2615 2091 2686 imp.
2121 2617 2318 2687 Pomp.
2359 2623 2442 2683 13,
2481 2622 2552 2672 36
2587 2618 2738 2672 mul-

1599 2691 1693 2749 tae
1728 2691 1860 2742 suut
1895 2692 2038 2742 artes
2084 2688 2318 2743 eximiae
2349 2687 2518 2742 huius
2552 2688 2738 2743 admi-

1603 2759 1814 2812 nistrae
1849 2758 2166 2828 comitesque
2200 2761 2439 2815 virtutis
2502 2759 2593 2813 ad.
2626 2758 2736 2825 Qu.

1603 2827 1672 2883 fr.
1711 2827 1736 2881 I
1776 2835 1833 2897 1,
1872 2833 1941 2882 42
1989 2831 2276 2898 contende,
2322 2845 2520 2900 quaeso
2556 2859 2629 2870 —-
2664 2834 2737 2884 ut

1603 2899 1709 3026 ilvtuczi
1756 2901 1944 2955 omnia
2001 2902 2115 2956 tuis
2173 2902 2389 2956 artibus
2442 2916 2741 2970 superasse

1701 2986 1838 3025 eare.

1676 3042 1857 3098 tardis
1912 3043 2018 3097 oet.
2092 3042 2206 3097 Far
2259 3043 2368 3097 den
2423 3040 2739 3097 Gedanken

1606 3110 1721 3180 vgl.
1759 3111 1838 3166 IV
1878 3118 1972 3180 14,
2010 3118 2095 3169 32.
2135 3144 2203 3154 --
2259 3114 2513 3169 comitari
2560 3112 2743 3182 steht,

1607 3198 1695 3238 wo
1735 3198 1794 3238 es
1832 3183 1952 3237 sich
1990 3184 2082 3239 bei
2120 3183 2231 3239 Cic.
2267 3185 2374 3239 mit
2411 3184 2540 3239 dem
2556 3183 2736 3238 Dativ

1608 3252 1809 3323 findet,
1845 3255 2046 3310 immet
2080 3254 2141 3308 in
2178 3255 2277 3309 der
2315 3255 2737 3325 iibertragenen

1609 3324 1946 3397 Bedentung
2006 3343 2117 3382 von
2191 3327 2543 3382 coniunctum
2607 3341 2743 3392 esse,
2860 3310 2861 3317 ἵ

1609 3395 1717 3452 mit
1764 3397 1892 3451 dem
1938 3395 2243 3453 Accusativ
2286 3397 2366 3452 ist
2411 3413 2468 3453 es
2516 3421 2589 3443 ε
2632 3397 2740 3452 be-

1612 3465 1841 3538 gleiten‚
1879 3466 2141 3538 geleiten.
2444 3534 2447 3537 Ἴ

1681 3540 1898 3609 triplex.
1980 3539 2105 3595 Den
2169 3539 2434 3595 Stoikern
2497 3537 2577 3592 ist
2639 3536 2745 3592 die

1610 3608 1970 3680 Philosophia
2009 3610 2100 3666 die
2137 3609 2449 3679 Ansiibung
2487 3609 2586 3664 der
2623 3608 2742 3663 Tu-

1609 3680 1756 3751 gend
1770 3724 1784 3750 ‚
1829 3682 1945 3736 und
1987 3699 2048 3737 so
2091 3681 2294 3737 teilten
2341 3681 2423 3736 sie
2457 3681 2605 3735 auch
2639 3679 2742 3734 die

1609 3752 1847 3877 Tugend
1872 3751 1933 3806 in
1959 3752 2084 3808 eine
2121 3752 2440 3835 physische‚
2478 3751 2745 3807 ethische

1607 3840 1687 3877 un
1779 3823 2033 3893 logische
2089 3841 2194 3879 em.
2268 3823 2417 3878 Plnt.
2468 3823 2538 3876 de
2586 3822 2749 3892 plac.

1609 3897 1703 3984 ph.
1741 3911 1986 3964 prooem.
2025 3902 2058 3950 2
2114 3892 2221 3964 τὴν
2273 3892 2338 3949 δὲ
2386 3893 2745 3962 φιλοσοφίαν
2856 3882 2862 3899 '

1610 3972 1849 4034 ασκησιν
1894 3966 1954 4021 τέ
1990 3985 2093 4035 νης
2141 3962 2466 4034 ἐπιτηδείου
2481 3981 2493 3994 ·
2542 3959 2752 4033 ἐπιτή-

1612 4038 1770 4091 δειον
1817 4032 1875 4090 δ’
1930 4056 1955 4091 ε
1983 4056 2080 4091 ναι
2125 4038 2262 4108 μίαν
2308 4036 2406 4090 καὶ
2459 4031 2747 4090 ἀνωτάτω

1609 4104 1714 4177 τὴν
1761 4103 1994 4178 ἀρετήν·
2051 4103 2259 4177 ἀρετὰς
2312 4105 2378 4162 δὲ
2430 4104 2533 4170 τὰς
2577 4125 2744 4175 γενι-

1611 4175 1867 4242 κωτάτας
1929 4185 2077 4248 τρεῖς
2151 4175 2424 4250 φυσικήν,
2496 4173 2753 4247 ἠθικήν,

1610 4247 1859 4320 λογικήν.

1684 4321 2040 4392 discriptione
2069 4353 2136 4362 -
2162 4321 2405 4379 vivendi.-
2458 4321 2556 4376 das
2585 4321 2755 4377 erate
