2902 4649
586 133 1184 192 TUSCULANARUM
1218 133 1831 190 DISPUTATIONUM
1866 137 1907 192 Ι.
1947 140 2175 191 65—68.
2466 133 2551 197 41

210 302 299 362 his
344 304 578 364 usitatis
624 305 902 382 notisque
958 305 1205 364 naturis,
1296 302 1384 363 Ita
1441 303 1726 382 quicquid
1781 285 1878 364 est
1927 301 2101 384 illud,
2159 301 2318 381 quod
2374 303 2558 363 sentit

213 389 365 470 quod
413 394 593 473 sapit,
639 391 799 471 quod
836 394 978 452 vivit
1023 391 1181 470 quod
1228 394 1412 473 viget,
1459 392 1713 453 caeleste
1761 400 1822 452 et
1869 391 2131 471 divinum
2179 390 2256 451 ob
2305 408 2555 470 eamque

209 498 333 540 rem
377 488 687 541 aeternum
736 483 815 542 sit
867 499 1114 542 necesse
1172 490 1279 542 est.

1371 481 1514 550 Nec.
1552 500 1690 541 vero
1746 481 1895 542 deus
1952 483 2107 561 ipse,
2167 482 2272 560 qui
2326 479 2556 542 intelle—

209 571 366 647 gitur
412 588 446 629 a
492 569 692 651 nohiS,
736 569 850 630 alio
897 570 1072 630 modo
1117 569 1380 649 intellegi
1425 576 1625 649 potest
1670 571 1785 631 nisi
1832 586 2001 630 mens
2039 569 2229 631 soluta
2269 569 2557 649 quaedam

211 666 270 718 et
311 656 524 739 libera,
570 666 878 738 segregata
934 658 1007 719 ab
1067 661 1228 720 omni
1284 661 1666 719 concretione
1723 657 1984 740 mortali,
2040 661 2236 719 omnia
2293 661 2559 719 sentiens

209 754 271 808 et
314 764 556 809 movens
602 751 848 828 ipsaque
893 747 1162 827 praedita
1208 758 1374 810 motu
1424 743 1831 827 sempiterno?

1921 747 2049 808 Hoc
2106 766 2138 807 e
2194 766 2415 827 genere
2472 754 2555 807 at·
2577 755 2649 805 67

208 854 324 915 que
369 835 576 897 eadem
624 855 656 897 e
702 846 915 898 natura
961 844 1053 897 est
1097 837 1355 898 humana
1399 855 1587 898 menS.
2628 903 2637 909 ,

385 924 500 986 Ubi
544 927 729 1005 igitur
774 934 876 987 aut
923 925 1113 1004 qualis
1160 932 1253 985 est
1298 928 1412 986 ista
1462 922 1672 986 mens?
1719 959 1804 968 —
1852 915 1966 985 Ubi
2013 934 2113 986 tua
2168 933 2271 986 aut
2326 920 2560 1004 qualis?

205 1021 453 1093 potesne
499 1011 745 1076 dicere?
790 1033 894 1095 an,
951 1016 1003 1075 si
1058 1017 1254 1075 omnia
1310 1015 1381 1075 ad
1437 1014 1902 1093 intellegendum
1960 1033 2079 1075 non
2136 1014 2351 1094 habeo,
2407 1031 2560 1093 quae

206 1101 425 1163 habere
463 1103 700 1185 vellem,
747 1122 821 1164 ne
869 1105 944 1164 iis
992 1102 1259 1186 quidem,
1306 1121 1459 1182 quae
1496 1103 1712 1185 habeo,
1760 1103 1907 1164 mihi
1942 1123 2053 1183 per
2091 1112 2148 1164 te
2192 1105 2281 1165 uti
2315 1098 2561 1163 licebit?

206 1224 296 1236 —
340 1191 471 1253 Non
520 1192 673 1254 valet
720 1200 951 1253 tantum
999 1195 1259 1273 animm,
1309 1201 1378 1254 ut
1424 1211 1489 1253 se
1536 1195 1664 1272 ipse
1713 1192 1921 1255 videat.
1975 1226 2051 1234 —
2101 1193 2175 1252 At
2221 1201 2288 1253 ut
2333 1190 2562 1270 oculuS‚

206 1283 294 1341 sic
340 1283 572 1343 animus
619 1299 683 1342 se
729 1299 852 1342 non
897 1280 1103 1341 videns
1160 1281 1269 1341 alia
1329 1284 1538 1342 cernit.
1593 1315 1670 1324 —
1720 1281 1853 1342 Non
1901 1281 2061 1342 videt
2115 1291 2339 1362 autem,
2400 1278 2559 1360 quod
2582 1320 2671 1385 28

205 1372 517 1430 minimum
574 1379 694 1451 est,
748 1371 999 1431 sormam
1057 1389 1243 1431 suam.
1298 1404 1372 1413 —
1427 1369 1798 1450 Quamquam
1859 1371 2115 1432 fortasse
2179 1369 2239 1430 id
2306 1387 2561 1449 quoque,
2582 1397 2652 1448 68

208 1458 312 1518 sed
359 1458 793 1538 relinquamus:
838 1461 955 1520 vim
994 1468 1186 1540 certe,
1233 1461 1610 1538 sagacitatem
1656 1461 2031 1540 memoriam,
2079 1467 2305 1520 motum
2354 1457 2560 1519 celeri-

208 1552 391 1608 tatem
456 1548 631 1610 videt.

737 1547 896 1609 Haec
962 1566 1196 1628 magna,
1261 1549 1406 1609 haec
1472 1548 1693 1628 divina,
1758 1548 1905 1610 haec
1971 1550 2333 1628 sempiterna
2396 1554 2563 1626 sunt3

207 1654 326 1715 qua
371 1637 519 1698 facie
567 1637 807 1717 quidem
855 1639 933 1698 sit
978 1646 1081 1699 aut
1126 1637 1231 1697 ubi
1276 1637 1503 1699 habitet
1559 1656 1634 1698 ne
1694 1638 2101 1716 quaerendum
2158 1637 2398 1717 quidem
2455 1644 2564 1697 est.

207 1724 286 1785 Ut
341 1744 479 1786 cum
532 1726 801 1787 videmus
858 1728 1119 1806 speciem
1175 1729 1435 1806 primum
1493 1728 1930 1806 candoremque
1990 1727 2165 1808 caeli,

2230 1725 2368 1786 dein
2424 1742 2563 1786 con-

210 1817 501 1876 versionis
540 1815 907 1876 celeritatem
953 1822 1201 1895 tantam,
1251 1823 1528 1894 quantam
1569 1818 1828 1895 cogitare
1875 1835 1997 1877 non
2041 1833 2359 1896 possumus
2370 1864 2387 1896 ‚
2435 1824 2564 1876 tum

207 1903 646 1966 vicissitudines
684 1905 917 1965 dierum
963 1922 1031 1965 ac
1078 1907 1343 1966 noctium
1382 1907 1998 1984 commutationesque
2035 1914 2373 1984 temporum
2419 1920 2560 1983 qua-

209 1992 576 2071 drupertitas
624 1993 693 2054 ad
743 1995 1144 2054 maturitatem
1192 1995 1431 2072 frugum
1481 2004 1541 2054 et
1587 1994 1657 2054 ad
1708 1995 2197 2073 temperationem
2243 2009 2563 2073 corporum

208 2091 403 2162 aptas„
444 2100 769 2161 eorumque
817 2084 1083 2143 omnium
1130 2082 1567 2145 moderatorem
1615 2089 1676 2142 et
1719 2083 1934 2143 ducem
1980 2082 2193 2161 solem,
2243 2081 2562 2160 lunamque

208 2173 549 2232 accretione
588 2179 648 2232 et
684 2170 1093 2235 deminutione
1131 2170 1373 2231 luminis
1408 2174 1579 2250 quasi
1617 2172 1903 2233 fastorum
1943 2178 2247 2232 notantem
2287 2180 2346 2230 et
2384 2171 2564 2248 signi-

206 2260 486 2320 ficantem
533 2259 687 2341 dieS‚
732 2258 860 2319 t'um
915 2261 978 2320 in
1035 2260 1244 2320 eodem
1299 2259 1444 2321 orbe
1502 2262 1562 2321 in
1619 2260 1933 2321 duodecim
1988 2269 2189 2340 partes
2245 2257 2566 2320 distributo

208 2351 478 2428 quinque
527 2348 725 2409 stellas
772 2349 944 2430 ferri,
1001 2349 1244 2411 eosdem
1291 2368 1507 2410 cursus
1553 2352 2032 2411 constantissime
2091 2358 2421 2427 servantes·
2448 2348 2566 2408 dis·

206 2438 457 2518 paribus
520 2440 678 2499 inter
741 2456 805 2498 se
871 2438 1132 2500 motibus
1142 2487 1161 2520 ,
1229 2448 1703 2518 nocturnamque
1768 2439 1916 2500 caeli
1983 2440 2235 2500 sormam
2302 2436 2566 2516 undique

207 2526 514 2588 sideribus
561 2535 855 2607 ornatam,
914 2535 1044 2588 tum
1101 2526 1343 2606 globum
1397 2536 1594 2589 terrae
1651 2531 2009 2589 eminentem
2068 2546 2100 2587 e
2156 2528 2330 2607 mari,
2384 2526 2566 2587 fixum

285 2681 390 2750 qui
441 2680 804 2763 intelleyituoe,
862 2680 1060 2734 soweit
1114 2696 1174 2734 er
1226 2697 1340 2734 von

201 2770 313 2806 uns
353 2751 597 2806 erkannt
630 2750 786 2806 wird

219 2879 227 2885 .
283 2844 374 2894 67.
411 2840 511 2894 ubi
535 2842 739 2909 iyitur,
774 2840 1063 2910 fingierter
1089 2839 1346 2895 Einwurf

204 2909 369 2964 eines
406 2910 672 2981 Gegners.

280 3000 432 3082 quod
466 3001 753 3056 minimum
780 3006 857 3055 eet
865 3042 884 3069 ,
923 3017 1039 3056 was
1068 3001 1168 3055 das
1196 2998 1339 3054 min-

203 3070 375 3125 deste
410 3069 511 3140 ist,
549 3088 664 3126 was
701 3089 833 3127 man
860 3072 1006 3127 doch
1034 3073 1221 3127 zuerst
1257 3087 1339 3125 er-

203 3144 431 3196 warten
467 3142 650 3198 sollte.

278 3230 540 3298 formam.
612 3230 788 3287 Unter
849 3233 1031 3299 forma
1086 3232 1164 3286 ist
1216 3231 1341 3286 hier

202 3299 380 3357 nicht
404 3301 555 3357 bloss
582 3302 673 3357 die
702 3302 920 3364 §.ussere
949 3302 1182 3371 Gestat,
1214 3319 1339 3357 son·
1376 3344 1381 3349 .

203 3372 355 3427 dem
398 3371 491 3427 die
528 3390 701 3443 ganze
748 3372 1024 3429 sinnliche
1060 3373 1339 3441 Existenz,

201 3443 466 3499 nfimlich
511 3445 584 3500 ob
621 3444 721 3499 der
757 3443 916 3499 Geist
957 3446 1161 3511 Pouet,
1206 3443 1340 3498 Luflz

204 3515 355 3570 oder
408 3515 581 3571 etwas
635 3516 872 3571 anderes
926 3515 1028 3582 ist,
1092 3533 1161 3569 zu
1212 3531 1338 3575 ver-

204 3586 434 3641 stehen.
507 3586 636 3655 Vgl.
675 3592 706 3652 ξ
745 3592 813 3641 ’10
839 3588 1022 3654 forma
1046 3592 1098 3641 et
1122 3588 1342 3655 speeies,

207 3656 514 3712 Substanz.
587 3657 657 3713 de
695 3658 843 3713 deor.
873 3676 926 3711 n.
957 3659 983 3712 I
1015 3664 1196 3728 14,‘37
1225 3664 1342 3712 tum

200 3728 383 3856 {ayn
414 3728 651 3796 formam
698 3731 979 3798 quandam
1023 3736 1074 3784 et
1116 3729 1344 3799 speciem

313 3816 459 3855 rum.

283 3887 624 3941 quamquam
677 3902 745 3910 —
803 3872 863 3926 id
944 3887 1176 3941 quoque,

198 3943 343 4012 fieri
373 3947 564 4011 potest
639 3944 708 3996 de
746 3942 836 3999 off.
874 3943 900 3996 I
938 3949 1034 4010 24,
1073 3947 1141 3996 82
1185 3942 1345 3997 valde

202 4014 680 4071 considerandum
715 4019 818 4081 est,
864 4031 932 4069 ne
967 4014 1102 4083 quid
1138 4018 1344 4079 temere,

200 4103 278 4141 ne
328 4086 471 4155 quid
520 4086 824 4141 crudeliter
872 4115 942 4125 --
984 4086 1046 4140 id
1093 4084 1343 4139 ιιῆικιὶίοῑι

196 4161 271 4213 ut
307 4172 373 4212 se
404 4157 605 4212 videat.

277 4246 380 4301 Ka
422 4290 435 4303 .
474 4246 572 4303 28.
647 4251 734 4300 68.
789 4251 853 4299 ut
907 4261 1030 4300 eum
1082 4246 1340 4300 videmus,

196 4320 333 4374 Der
432 4318 649 4373 edanke
704 4316 783 4372 ist
833 4316 1086 4373 derselbe
1131 4316 1238 4372 wie
1283 4316 1344 4370 in

1447 2685 1479 2745 ξ
1517 2686 1600 2735 30.
1674 2681 1895 2751 Wegen
1931 2682 2032 2736 der
2050 2680 2435 2748 Ausdehnung
2469 2679 2570 2732 des

1448 2747 1843 2806 Vordersatzes
1877 2751 2019 2806 wird
2057 2756 2088 2817 ξ
2124 2756 2192 2806 70
2227 2752 2358 2805 haec
2392 2750 2571 2819 igitur

1447 2829 1498 2876 et
1533 2823 1964 2878 innumerabilia
1999 2839 2122 2877 cum
2157 2823 2429 2876 cernimus
2465 2819 2568 2875 das

1447 2893 1696 2947 Verbum
1723 2894 1932 2949 wieder
1968 2894 2417 2976 ausgenommem
2454 2890 2569 2945 und

1447 2963 1548 3019 das
1586 2964 1715 3019 dem
1764 2971 1829 3019 ut
1876 2964 2313 3035 entsprechende
2358 2966 2440 3018 eie
2484 2962 2569 3017 als

1448 3036 1861 3105 selbstandiger
1899 3036 2032 3091 Satz
2068 3036 2353 3106 angeffigt.

1520 3110 1957 3177 temperationem
1984 3123 2131 3176 corp.
2205 3106 2282 3160 IV
2307 3112 2390 3174 13,
2409 3112 2480 3161 30
2507 3108 2573 3159 ut

1448 3180 1593 3233 enim
1639 3179 1884 3247 corporis
1933 3179 2273 3247 temperatio,
2331 3194 2454 3232 ewm
2506 3192 2575 3229 ea

1447 3256 1760 3319 conyruunt
1794 3252 1939 3305 inter
1978 3266 2059 3316 se,
2106 3264 2173 3303 ex
2207 3249 2406 3317 quibus
2442 3263 2570 3302 eon-

1446 3325 1683 3388 stamus,
1728 3322 1972 3387 sanitas,
2014 3322 2096 3374 sic
2134 3319 2310 3373 animi
2344 3319 2572 3384 dieitur,
2603 3351 2608 3356 ι

1446 3408 1570 3447 cum
1615 3394 1732 3448 eius
1772 3392 1987 3447 iudicia
2022 3391 2409 3462 opinionesque
2444 3405 2568 3445 con-

1445 3463 1692 3518 cordant.
2333 3533 2344 3545 ·

1447 3550 1682 3659 2qussss
1706 3533 2125 3674 fflssmsssisst
2156 3532 2576 3658 ὥῖἓῗιέἐξῖῗ

1449 3676 1565 3730 Der
1591 3675 1780 3743 Mond‚
1806 3676 1953 3730 nach
1982 3675 2179 3730 dessen
2208 3675 2309 3729 Zu-
2327 3674 2441 3728 und
2459 3674 2572 3728 Ab·

1449 3747 1656 3802 nahme
1695 3717 1795 3801 de’r
1820 3746 2101 3801 Kalender
2133 3746 2388 3816 geregelt
2414 3745 2574 3813 wird‚

1454 3819 1780 3873 bezeichnet
1846 3817 2154 3887 gleichsam
2228 3818 2404 3872 selbst
2465 3815 2574 3869 wie

1455 3890 1547 3944 ein
1582 3887 2111 3944 Kalendermacher
2129 3886 2221 3941 die
2260 3887 2429 3958 Tage.

1524 3961 1650 4016 orbe
1695 3962 1760 4015 in
1794 3961 2077 4016 duodecim
2106 3975 2195 4028 p„
2241 3958 2339 4013 der
2375 3958 2576 4014 Zodia-

1450 4032 1558 4086 kus
1595 4033 1731 4088 oder
1766 4030 2063 4085 Tierkreis
2102 4099 2116 4113 .

1451 4120 1776 4228 baim
1791 4099 2576 4240 {iiteen‘faeikissf¹v⁴tffszt

1450 4246 1628 4313 Mars,
1663 4243 1908 4313 Jupiter,
1948 4242 2170 4301 Salsum,

1522 4316 1841 4386 disparibus
1874 4314 2135 4382 motibus,
2169 4313 2282 4384 vgl.
2321 4318 2351 4379 ἓ
2390 4318 2472 4367 62.
2521 4320 2525 4325 ’
