2902 4649
341 112 421 177 76
1118 110 1192 168 Μ.
1233 110 1481 168 TULLII
1519 108 1907 166 CICERONIS

471 297 652 355 quam
694 280 971 354 cladium
1019 279 1080 339 in
1126 280 1436 339 stomacho
1476 276 1617 353 furi
1660 294 1739 338 ac
1778 277 2166 352 pulmonibus
2210 278 2371 336 sisto.

482 368 600 429 oda·
641 370 956 441 hominem,
1004 369 1203 427 iratus
1240 384 1470 443 puqno,
1517 383 1632 427 nec
1677 369 1917 440 lonffius
1962 367 2291 439 quicquam

470 458 658 531 nobis,
706 472 889 531 quam
936 457 1199 516 dextrae
1239 457 1518 530 qladium
1565 457 1707 515 dum
1754 455 2168 515 accommodet
2213 456 2402 513 alter.-

472 562 663 619 usque
708 546 863 605 adeo
908 545 1110 604 studio
1158 551 1342 618 atque
1388 546 1528 605 odio
1575 545 1737 604 illius
1783 541 2029 618 ecferor
2075 546 2193 608 ira.

230 625 317 688 22
338 650 413 710 At
478 652 608 709 sine
681 648 793 709 hac
867 648 1210 727 gladiatoria
1284 648 1591 709 iracundia
1657 649 1925 709 videmus
1990 647 2472 727 progredientem
2541 648 2707 727 apud

248 703 316 752 49
337 738 665 799 Homerum
721 738 960 797 Aiacem
1016 736 1202 797 multa
1258 755 1393 798 cum
1450 737 1777 818 hilaritate,
1839 755 1977 797 cum
2032 736 2481 816 depugnaturus
2538 744 2708 798 esset

338 845 475 888 cum
522 826 799 887 Hectore.
893 825 1105 906 CuiuS,
1161 833 1229 885 ut
1276 843 1439 886 arma
1496 829 1776 907 sumpsit,
1832 827 2125 904 ingressio
2173 823 2453 885 laetitiam
2501 824 2709 887 attulit

337 918 543 997 sociiS,
608 924 902 976 terrorem
960 922 1160 975 autem
1216 913 1518 996 hostibuS,
1586 923 1651 976 ut
1715 917 1911 994 ipsum
1966 913 2312 994 Hectorem,
2378 932 2560 992 quem
2629 912 2705 973 ad

336 1003 580 1065 modum
639 1012 734 1064 est
792 1002 948 1083 apud
1003 1002 1356 1084 Homerum,
1423 1012 1548 1064 toto
1613 1011 1857 1082 pectore
1922 1000 2277 1063 trementem
2340 1007 2705 1081 provocasse

336 1093 409 1152 ad
467 1111 727 1172 pugnam
785 1094 1135 1170 paeniteret.
1227 1091 1419 1170 Atque
1477 1092 1564 1172 hi,
1622 1090 1922 1151 conlocuti
1975 1093 2133 1152 inter
2192 1109 2255 1151 se
2302 1093 2470 1170 prius
2519 1108 2703 1169 quam

337 1199 580 1241 manum
645 1186 1034 1241 consererent
1098 1179 1313 1240 leniter
1377 1188 1438 1240 et
1504 1182 1729 1260 quiete,
1793 1178 1943 1240 nihil
2007 1197 2081 1239 ne
2147 1181 2210 1239 in
2263 1180 2392 1258 ipsa
2453 1178 2705 1258 quidem

336 1288 536 1349 pugna
599 1269 882 1330 iracunde
949 1258 1256 1329 rabioseve
1321 1268 1615 1329 fecerunt.
1706 1267 1832 1347 Ego
1887 1286 1963 1328 ne
2021 1267 2390 1347 Torquatum
2453 1266 2702 1346 quidem

334 1358 530 1440 illum,
588 1361 700 1438 qui
736 1357 850 1418 hoc
899 1375 1228 1435 cognomen
1274 1358 1529 1437 invenit,
1585 1359 1802 1418 iratum
1860 1358 2153 1416 existumo
2202 1354 2364 1416 Gallo
2420 1364 2705 1435 torquem

337 1446 665 1508 detraxisse
714 1465 825 1507 nec
871 1445 1215 1506 Marcellum
1263 1446 1420 1525 apud
1469 1405 1814 1506 Clastidium
1861 1444 1996 1505 ideo
2046 1444 2262 1505 fortem
2307 1445 2514 1526 fuisse,
2562 1447 2706 1523 quia

250 1547 320 1596 50
339 1536 524 1597 fuerit
568 1537 774 1596 iratus
867 1533 952 1594 De
999 1534 1275 1595 Africano
1325 1535 1596 1614 quidem,
1655 1537 1790 1613 quia
1847 1536 2047 1593 notior
2092 1542 2186 1594 est
2231 1532 2405 1594 nobis
2451 1541 2705 1612 propter

337 1632 645 1685 recentem
692 1626 1067 1704 memoriam,
1115 1622 1209 1683 vel
1253 1625 1453 1683 iurare
1501 1641 1778 1703 possum,
1835 1640 1957 1682 non
2002 1621 2169 1683 illum
2217 1622 2524 1682 iracundia
2572 1630 2703 1684 tum

335 1713 762 1773 inflammatum
819 1713 1030 1791 fuisse,
1086 1730 1225 1772 cum
1280 1714 1343 1772 in
1398 1713 1526 1772 acie
1582 1710 1656 1771 M.
1703 1710 2064 1772 Alliennium
2120 1710 2466 1789 Paelignum
2526 1719 2701 1771 scuto

336 1804 669 1880 protexerit
714 1800 1093 1880 gladiumque
1149 1800 1307 1860 hosti
1362 1802 1423 1860 in
1473 1801 2007 1880 pectusinfixerit.
2101 1798 2184 1859 De
2231 1798 2294 1860 L.
2341 1798 2530 1860 Bruto
2579 1799 2701 1859 for·

337 1898 497 1949 tasse
545 1887 867 1950 dubitarim
924 1907 1000 1949 an
1053 1897 1303 1968 propter
1348 1890 1648 1949 infinitum
1695 1888 1897 1948 odium
1945 1890 2179 1968 tyranni
2225 1888 2590 1948 ecfrenatius
2637 1889 2701 1947 in

338 1977 661 2039 Arruntem
704 1978 1016 2058 invaserit3
1064 1976 1234 2037 video
1283 1979 1442 2037 enim
1488 1985 1813 2056 utrumque
1862 1979 2196 2037 comminus
2243 1978 2368 2037 ictu
2408 1975 2701 2037 cecidisse

338 2069 657 2127 contrario.
751 2065 905 2137 Quid
953 2067 1135 2144 igitur
1181 2065 1300 2126 huc
1349 2065 1641 2127 adhibetis
1686 2062 1881 2126 iram?
1941 2085 2014 2126 an
2071 2065 2387 2146 fortitudo,
2444 2067 2564 2125 nisi
2609 2067 2697 2124 in-

338 2155 533 2214 sanire
591 2156 813 2234 coepit,
873 2156 1115 2233 inpetus
1173 2172 1315 2214 suos
1371 2172 1493 2214 non
1548 2150 1795 2230 hahet?
1844 2150 2043 2224 Quid‘?
2115 2153 2462 2235 Herculem,
2518 2170 2699 2232 quem

334 2245 397 2303 in
446 2242 676 2304 caelum
723 2246 837 2303 ista
883 2245 1028 2323 ipsa,
1077 2261 1252 2321 quam
1301 2261 1405 2303 vos
1450 2241 1840 2303 iracundiam*
1868 2261 2001 2303 esse
2048 2242 2240 2322 voltiS,
2288 2242 2533 2303 sustulit
2578 2242 2697 2301 for-

335 2332 548 2413 titudo,
595 2334 894 2393 iratumne
941 2350 1154 2392 censes
1202 2331 1542 2394 conflixisse
1590 2350 1727 2393 cum
1763 2331 2148 2411 Erymanthio
2197 2351 2340 2411 apro
2382 2339 2484 2395 aut
2525 2330 2698 2392 leone

334 2417 675 2481 Nemeaeo?
722 2438 796 2481 an
844 2422 1023 2480 etiam
1068 2420 1338 2480 Theseus
1383 2420 1735 2481 Marathonii
1780 2424 1937 2481 tauri
1985 2439 2209 2481 cornua
2259 2419 2700 2500 conprehendit

403 2527 527 2639 fetri
561 2572 639 2627 ist
674 2572 992 2643 KonJ'ektur
1019 2572 1280 2633 Tischers
1319 2574 1462 2628 statt

332 2644 547 2711 swriae,
610 2659 726 2698 was
789 2645 849 2698 in
905 2643 1015 2697 den
1068 2643 1233 2700 Hdss.
1290 2644 1458 2700 steht.

332 2715 557 2769 Andere
594 2714 887 2770 schreiben
925 2713 1158 2769 Furiae.

404 2819 503 2857 nec
556 2804 776 2886 lonyiws
818 2804 1111 2872 quicquam
1159 2804 1345 2871 nobis,
1402 2820 1460 2857 es

335 2873 521 2928 withrt
555 2873 664 2927 mir
700 2891 767 2928 zu
803 2874 995 2943 lange,
1046 2874 1141 2929 ich
1175 2844 1345 2930 kann
1368 2873 1460 2928 die

335 2944 459 2999 Zeit
492 2944 653 2998 nicht
688 2946 976 2999 erwarten.

387 3030 548 3155 IKap.
587 3030 685 3089 22.
723 3038 811 3086 49.
849 3033 1005 3100 apud
1039 3032 1355 3087 Homerum.
1393 3032 1459 3089 ΙΙ.

334 3103 621 3242 {3232323
660 3175 799 3235 Αἴας
836 3163 977 3241 ὦρτο
1024 3168 1324 3260 πελώριος,
1375 3171 1460 3243 ἕρ-

976 3263 1075 3306 κος
1105 3240 1351 3331 Ἀχαιῶν,

334 3312 606 3384 μειδιόων
645 3317 962 3387 βλοσυροῖσι
997 3313 1341 3382 προςιόπασι.

402 3403 687 3458 Hectorem
725 3434 787 3444 ——
831 3410 941 3458 toto
969 3409 1189 3473 pectore
1231 3409 1457 3459 tremen-

330 3478 448 3528 tem.
499 3473 609 3528 Cic.
639 3475 743 3529 hat
770 3475 879 3529 den
905 3474 1295 3530 homerischen
1312 3475 1456 3530 Aus-

331 3543 511 3597 druck
545 3561 808 3614 ungenau
852 3547 1153 3635 iibersetzt3
1230 3565 1281 3600 v.
1322 3552 1454 3600 214:

331 3611 432 3669 τὸν
479 3611 543 3668 δὲ
600 3615 696 3668 καὶ
736 3610 968 3685 Ἀργεῖοι
1023 3612 1153 3703 μέγ’
1207 3613 1457 3686 ἐγήθεον

815 3738 826 3742 -
903 3683 1276 3775 εἰςορόωντες,

336 3755 535 3824 Τρῶας
592 3753 656 3810 δὲ
712 3753 918 3827 τρόμος
973 3754 1136 3820 αἰνὸς
1190 3754 1454 3827 ὑπήλυθε

900 3834 1033 3898 γυῖα
1074 3827 1330 3898 ἕκαστον,

318 3892 551 3967 “Eumol
608 3893 662 3953 τ’
722 3893 877 3974 αὐτῷ
942 3896 1130 3970 θυμὸς
1188 3895 1274 3954 ἐνὶ
1330 3898 1454 3971 στή·

900 3974 1067 4024 θἐσσι
1102 3968 1416 4026 πάτασσεν·

328 4033 455 4121 ᾄλλ’
524 4035 714 4104 οὔπως
778 4038 862 4097 ἔτι
927 4038 1107 4129 εἶχεν
1142 4036 1454 4112 ὑποτρέσαι

901 4107 1028 4168 οὐδ’
1071 4106 1375 4168 ἀναδῦναι.

405 4198 468 4254 Τ.
502 4199 766 4256 Mamlius
806 4201 1145 4272 Torquatus.-
1182 4217 1274 4255 am
1303 4202 1449 4258 Anio

325 4270 406 4326 im
443 4270 493 4328 J.
524 4276 647 4327 361.
721 4271 850 4343 Vgl.
887 4271 1010 4331 Liv.
1047 4272 1155 4330 VII
1191 4279 1223 4327 9
1267 4290 1323 4328 ιι.
1364 4280 1445 4329 10

1568 2573 1680 2629 Cic.
1720 2572 1790 2627 de
1836 2573 1926 2628 off.
1966 2571 2044 2626 III
2093 2589 2140 2627 c.
2176 2579 2241 2628 31
2291 2572 2406 2627 und
2453 2572 2546 2626 die
2593 2572 2698 2625 Er—

1567 2644 1816 2713 ztthlung
1878 2643 1977 2698 des
2031 2645 2367 2698 Annalisten
2426 2643 2700 2698 Claudius

1571 2714 1822 2784 Quadi-ig
1766 2715 1778 2725 '
1825 2715 1974 2769 arius
2010 2715 2106 2770 bei
2142 2713 2285 2769 Gell.
2325 2712 2403 2769 IX
2444 2720 2526 2770 13.

1640 2785 1724 2840 M.
1757 2785 2026 2840 Claudius
2062 2786 2369 2841 Marcellus
2405 2786 2697 2840 erbeutete

1569 2862 1672 2910 222
1711 2876 1763 2914 v.
1804 2856 1933 2911 Chr.
1981 2857 2072 2910 die
2115 2858 2296 2928 spolia
2340 2858 2554 2924 opima,
2611 2857 2698 2910 in-

1569 2927 1697 2982 dem
1747 2944 1807 2982 er
1853 2928 1962 2981 den
2007 2923 2289 2981 Anfiihrer
2335 2926 2433 2980 der
2479 2927 2701 2982 Gauier

1571 2997 1956 3054 Viridomarus
2036 2999 2127 3053 bei
2201 2997 2536 3052 Clastidium
2611 3014 2698 3052 er-

1571 3069 1773 3138 schlug
1734 3087 1788 3138 g.
1833 3070 1981 3124 Plut.
2011 3068 2181 3124 Marc.
2213 3076 2261 3125 6.
2299 3068 2494 3137 Polyb.
2524 3067 2580 3123 11
2607 3073 2695 3126 34.

1642 3145 1727 3194 50.
1788 3140 1875 3193 M.
1927 3138 2275 3195 Allie'rmium
2333 3140 2696 3210 Paeliywum:

1570 3210 1695 3334 dieh
1710 3210 1860 3335 'ILhat
1903 3211 2043 3265 wird
2089 3214 2248 3265 sonst
2295 3210 2560 3280 nirgends
2608 3228 2693 3266 er-

1568 3299 1656 3336 wa
1698 3300 1735 3336 n
1765 3325 1777 3338 .

1640 3352 1711 3406 L.
1737 3352 1976 3420 Brutus,
2013 3354 2127 3422 vgl.
2165 3353 2283 3407 Liv.
2323 3351 2376 3407 11
2415 3359 2481 3420 6,-
2504 3358 2556 3421 9,
2595 3352 2698 3407 der

1566 3422 1660 3478 bei
1714 3423 2035 3494 Erzahlung
2093 3425 2388 3479 desselben
2444 3422 2693 3478 Vorfalls

1564 3494 1713 3618 {neh
1739 3495 1868 3619 l{len
1903 3494 2201 3550 Ausdruck
2246 3496 2364 3550 ictu
2410 3495 2695 3550 contrario

1605 3582 1738 3619 rauc
1780 3567 1821 3621 t.

1636 3638 1818 3702 video,
1867 3637 1922 3691 d.
1950 3636 1988 3690 i.
2037 3637 2151 3705 leqo
2189 3638 2343 3706 apud
2377 3636 2698 3702 historicos;

1506 3698 1525 3717 ⁸
1564 3706 1645 3761 IV
1682 3714 1734 3777 3,
1772 3713 1805 3762 ὅ
1845 3708 2089 3763 Stoicum
2124 3707 2424 3778 Diogenem
2459 3712 2510 3762 et
2543 3707 2693 3762 Aca·

1564 3778 1831 3833 demicum
1894 3778 2228 3847 Carneadem
2291 3779 2448 3832 video
2502 3779 2696 3832 missos

1563 3865 1671 3904 esse
1700 3850 1916 3922 leyatoS.
1956 3850 2085 3920 Vgl.
2106 3849 2184 3902 IV
2204 3855 2292 3915 3⁷,
2315 3854 2398 3904 79.
2421 3849 2584 3916 Vas,
2606 3854 2692 3905 93.

1642 3920 1887 3977 Meus.
1939 3921 2062 3976 Den
2097 3919 2694 3975 feuerschnaubenden

1564 3991 1742 4061 Stier,
1779 3992 2033 4046 welchen
2070 3990 2471 4062 ursprfinglich
2505 3991 2696 4045 Minos

1561 4080 1674 4118 von
1709 4063 1940 4132 Neptun
1990 4081 2115 4117 zum
2165 4061 2461 4118 Gesohenk
2507 4061 2694 4117 ethal-

1560 4135 1657 4189 ten
1717 4134 1878 4189 hatte
1935 4134 2050 4188 und
2105 4136 2295 4204 spater
2339 4132 2693 4203 Eurystheus

1602 4221 1744 4276 egen
1791 4206 1882 4260 die
1930 4206 2135 4261 Fluren
2181 4205 2409 4260 Attikas
2388 4151 2695 4273 losliess,

1559 4223 1676 4347 ἕης
1711 4275 1960 4333 Theseus
1998 4275 2265 4347 lebendig
2309 4275 2427 4331 und
2465 4275 2693 4345 opferte
