2902 4649
512 166 1128 226 TUSCULANARU
1151 167 1757 223 DISPUTATIONUM
1793 168 1862 223 V.
1904 175 2201 224 113—116.

1712 34 1751 88 7

2415 169 2543 234 153

186 336 290 397 ille
336 338 401 396 in
455 336 809 397 infinitatem
863 352 1102 396 omnem
1156 334 1675 417 peregrinabatur,
1735 344 1805 397 ut
1856 335 2018 396 nulla
2062 338 2125 397 in
2171 337 2544 397 extremitate

189 427 566 487 consisteret.
640 424 951 485 Traditum
998 432 1091 484 est
1136 426 1314 484 etiam
1350 424 1678 485 Homerum
1727 442 1970 486 caecum
2015 425 2219 486 fuisse.
2293 426 2368 486 At
2414 427 2545 486 eius

186 517 514 594 picturam,
574 530 695 573 non
716 514 951 593 poesin
996 512 1283 574 videmus.

1375 513 1540 584 Quae
1586 516 1780 594 regio,
1835 531 1987 593 quae
2042 532 2173 594 ora,
2227 516 2330 593 qui
2375 513 2543 575 locus

188 602 498 684 Graeciae,
555 619 705 680 quae
763 603 996 681 species
1052 601 1360 680 formaque
1416 620 1680 683 pugnae,
1739 621 1892 682 quae
1948 605 2107 663 acies
2162 603 2320 682 quod
2367 604 2543 664 remi-

181 694 375 772 gium,
430 693 535 770 qui
579 697 781 751 motus
824 690 1135 751 hominum
1190 692 1296 769 qui
1341 690 1605 751 ferarum
1652 709 1774 751 non
1827 693 1909 752 ita
1966 693 2240 771 expictus
2298 701 2415 772 est,
2477 702 2545 754 ut

185 798 340 859 quae
385 781 513 859 ipse
560 797 682 838 non
728 778 945 839 viderit
988 797 1099 839 nos
1146 786 1215 839 ut
1258 779 1598 840 videremus
1644 777 1954 843 effecerit?
2003 780 2159 852 Quid
2206 778 2394 859 ergo?
2441 791 2655 847 aut115

180 868 443 928 Homero
509 867 964 929 delectationem
1038 869 1221 928 animi
1295 886 1363 928 ac
1428 868 1787 948 voluptatem
1853 879 1957 931 aut
2021 871 2299 949 cuiquam
2366 869 2541 932 docto

180 957 444 1018 defuisse
491 973 774 1034 umquam
820 953 1225 1017 arbitramur?
1281 965 1413 1038 aut,
1469 959 1533 1018 ni
1588 959 1668 1018 ita
1727 976 1791 1018 se
1838 976 1937 1019 res
1983 957 2260 1038 haberet,
2317 959 2542 1019 Anaxa-

180 1063 358 1124 goras
414 1051 519 1105 aut
570 1044 670 1104 hic
722 1046 851 1123 ipse
908 1043 1286 1106 Democritus
1346 1063 1523 1124 agros
1579 1054 1639 1107 et
1693 1048 2046 1125 patrimonia
2105 1065 2212 1108 sua
2268 1047 2543 1126 reliquis·

181 1141 336 1213 sent,
381 1133 522 1193 huic
570 1131 839 1193 discendi
884 1134 1331 1213 quaerendique
1379 1134 1611 1195 divinae
1654 1135 2033 1196 delectationi
2078 1142 2204 1196 toto
2244 1153 2308 1196 se
2341 1139 2541 1196 animo

181 1217 533 1283 dedissent?
623 1220 830 1300 Itaque
905 1239 1191 1299 augurem
1257 1222 1579 1303 Tiresiam,
1656 1241 1835 1303 quem
1909 1225 2238 1304 sapientem
2312 1225 2544 1302 fingunt

178 1316 413 1392 poetae,
460 1327 784 1389 numquam
828 1309 1124 1372 inducunt
1169 1310 1579 1390 deplorantem
1629 1315 1977 1374 caecitatem
2024 1330 2210 1374 suam.
2279 1312 2355 1373 At
2400 1331 2541 1373 vero

174 1399 608 1479 Polyphemum
650 1398 949 1459 Homerus
986 1417 1125 1460 cum
1160 1402 1463 1461 inmanem
1501 1401 1814 1481 serumque
1852 1402 2140 1482 finxisset,
2177 1420 2316 1463 cum
2354 1403 2539 1461 ariete

177 1490 359 1549 etiam
406 1487 866 1566 conloquentem
914 1488 1056 1549 facit
1102 1490 1352 1568 eiusque
1391 1489 1633 1551 laudare
1677 1490 1966 1571 fortunaS,
2014 1489 2174 1570 quod
2213 1508 2329 1569 qua
2367 1489 2546 1550 vellet

172 1576 412 1679 ingredi
455 1584 661 1656 posset
706 1583 767 1637 et
812 1593 965 1654 quae
1011 1576 1189 1638 vellet
1235 1580 1545 1657 attingere.
1636 1579 1821 1640 Recte
1868 1578 1967 1639 hic
2026 1579 2297 1660 quidem3
2354 1578 2539 1638 nihilo

171 1668 336 1726 enim
383 1672 513 1726 erat
554 1667 682 1745 ipse
732 1663 983 1744 Cyclops
1031 1683 1209 1744 quam
1255 1669 1411 1728 aries
1456 1667 1556 1728 ille
1603 1667 1976 1747 prudentior.

352 1754 419 1814 In
468 1754 758 1814 surditate
804 1766 946 1813 vero
996 1754 1278 1833 quidnam
1325 1764 1419 1816 est
1463 1752 1644 1817 mali?
1708 1756 1852 1817 Erat
1899 1755 2208 1818 surdaster
2253 1756 2327 1816 Μ.
2359 1754 2529 1816 Cras-

167 1862 305 1923 sus;
359 1842 464 1903 sed
519 1841 676 1904 aliud
732 1841 1070 1922 molestius,
1127 1843 1286 1922 quod
1343 1844 1495 1905 male
1553 1844 1856 1925 audiebat,
1913 1847 2092 1906 etiam
2139 1847 2215 1924 si,
2271 1853 2340 1905 ut
2386 1845 2532 1906 mihi

159 1930 499 2013 videbatur,
543 1932 781 1992 iniuria.
872 1928 1077 1991 Nostri
1125 1930 1349 1993 Graece
1399 1933 1526 1993 fere
1573 1936 1853 1994 nesciunt
1900 1952 2012 1994 nec
2060 1931 2272 1994 Graeci
2309 1933 2536 1994 Latine.

158 2020 328 2099 Ergo
392 2019 457 2079 hi
519 2020 581 2079 in
646 2018 887 2079 illorum
952 2026 1014 2079 et
1076 2018 1160 2079 illi
1218 2022 1281 2080 in
1337 2020 1554 2081 horum
1617 2039 1892 2081 sermone
1950 2022 2145 2102 surdi,
2211 2039 2538 2101 omnesque

161 2112 318 2170 item
363 2126 475 2168 nos
519 2109 583 2168 in
629 2109 705 2168 iis
750 2107 996 2188 linguiS‚
1051 2126 1198 2187 quas
1245 2126 1366 2170 non
1413 2108 1834 2191 intellegimuS,
1883 2128 2033 2189 quae
2082 2118 2224 2171 sunt
2268 2112 2540 2171 innume-

246 2283 314 2335 ut
361 2279 523 2337 nana
567 2280 632 2335 in
677 2278 1015 2334 extremitate
1061 2279 1311 2334 consiste-

169 2357 279 2418 ret,
318 2349 505 2405 sodal's
544 2367 604 2404 er
641 2366 743 2405 vor
789 2349 987 2405 keiner
1024 2349 1312 2405 Schranke

174 2419 488 2477 sffllstand.
585 2420 713 2491 Vgl.
754 2420 825 2475 de
873 2420 1021 2476 deor.
1060 2439 1115 2475 n.
1153 2422 1178 2475 1
1225 2428 1312 2490 20,

177 2498 256 2548 54
306 2491 371 2547 Si
416 2494 734 2547 immensam
771 2522 838 2532 -—
876 2492 1313 2576 maynitudinem

173 2564 469 2634 reqionum
494 2563 779 2629 videretis,
817 2563 881 2616 in
916 2579 1082 2632 quam
1117 2579 1173 2617 se
1199 2565 1312 2619 ini-

174 2637 333 2690 ciens
379 2635 601 2689 animus
646 2637 697 2689 et
740 2634 1028 2688 intendens
1073 2635 1157 2688 ita
1203 2635 1314 2689 late

173 2708 443 2776 zonyeque
497 2705 918 2774 peregrinatur,
980 2710 1046 2760 ut
1098 2707 1314 2760 nullam

174 2784 369 2832 tamen
416 2792 573 2831 oram
608 2776 794 2831 ultimi
836 2775 1048 2842 videat,
1092 2777 1157 2831 in
1202 2793 1315 2846 qua

174 2852 360 2918 possit
393 2848 659 2902 insistere.

250 2945 563 3013 picturam,
636 2960 751 2998 non
817 2944 1028 3015 poesin.
1103 2943 1317 2998 Datum

174 3014 358 3071 heisst
412 3031 472 3068 er
526 3013 621 3069 bei
668 3015 778 3068 den
822 3012 996 3068 Alten
1049 3016 1163 3070 τῶν
1215 3018 1315 3081 ζω-

177 3080 604 3211 ἒᾝξωᾟξι
566 3102 808 3211 αὲἕὲἒὲ
843 3085 1314 3225 ιᾞωοξὲἶωέἓέ

179 3228 399 3282 Homer
450 3226 531 3281 ist
584 3227 724 3281 alles
781 3199 996 3297 gemal’l',
1047 3229 1163 3282 und
1218 3247 1315 3283 zur

179 3297 425 3353 Malerei
470 3296 750 3354 erdichtet
796 3298 912 3352 und
947 3297 1309 3368 geschaffen?

257 3400 380 3449 115.
434 3395 827 3467 Anaoeayora&
874 3395 984 3450 Um
1020 3398 1316 3467 ungestort

182 3468 288 3522 der
326 3465 735 3521 Wissenschaft
768 3466 933 3521 leben
969 3484 1036 3520 zu
1070 3467 1313 3535 konnen,

182 3536 298 3592 soll
337 3553 397 3591 er
446 3536 567 3591 sein
603 3537 809 3591 Vermb
852 3552 922 3591 en
956 3538 1314 3594 vernachlits-

184 3608 308 3678 sigt
345 3606 480 3663 oder
508 3624 581 3662 an
607 3607 759 3662 seine
840 3609 1164 3663 erwandten
1189 3626 1315 3664 ver·

184 3679 433 3735 schenkt
467 3677 672 3734 haben.
733 3677 993 3733 Dieselbe
1020 3679 1315 3735 Anekdote

182 3749 336 3805 wird
390 3765 503 3804 von
555 3749 853 3804 Demokrit
915 3750 1155 3818 erzilhlt,
1218 3751 1317 3805 der

181 3821 339 3876 nach
362 3820 598 3875 anderer
614 3819 937 3890 Erztthlung
959 3821 1136 3876 durch
1164 3820 1316 3875 seine

173 3893 393 3947 Reisen
451 3894 701 3948 verarmt
754 3891 869 3945 und
930 3892 1163 3947 deshalb
1226 3892 1318 3946 fiir

175 3963 349 4088 eirlen
408 3962 851 4020 Verschwender
923 3962 1137 4018 erklart
1198 3962 1319 4017 sein

178 4052 245 4089 so
298 4078 310 4088 .

259 4124 482 4195 eiusque
545 4124 778 4179 laudare
839 4122 1113 4189 fortunas.
1201 4122 1318 4178 Das

175 4197 263 4251 ist
336 4195 458 4250 eine
520 4192 1029 4263 Ausschmiickung
1093 4193 1316 4249 Ciceros

185 4267 331 4322 oder
395 4265 576 4321 seiner
639 4263 1032 4336 griechischen
1099 4264 1316 4332 Quelle.

183 4338 296 4393 Bei
357 4337 570 4392 Homer
642 4337 798 4392 steht
860 4335 1049 4392 daven
1110 4336 1313 4393 nichts.

1418 2279 1555 2335 Man
1598 2279 1836 2335 beachte
1880 2278 2147 2349 iibrigens
2193 2279 2300 2334 den
2338 2279 2544 2335 Wech-

1424 2352 1509 2407 sel
1560 2351 1621 2405 in
1677 2351 1775 2406 der
1830 2350 2265 2420 Konstruktion‚
2322 2351 2396 2405 da.
2448 2352 2544 2407 bei

1418 2423 1600 2490 facere
1653 2421 1714 2477 in
1769 2421 2019 2505 gleicher
2062 2393 2356 2478 Bedeu’tun

1422 2495 1540 2548 ersi,
1577 2494 1676 2547 das
1714 2491 1992 2562 Particip,
2031 2493 2182 2548 dann
2219 2440 2544 2549 (161·Μῇΐίῃί-

1419 2562 1505 2619 tiv
1562 2565 1740 2632 steht,
1806 2563 1905 2618 der
1926 2511 2127 2619 pmeist
2179 2582 2285 2619 nur
2337 2564 2397 2618 in
2448 2564 2547 2620 der

1419 2633 1684 2704 passiven
1727 2606 1902 2690 ’Form
1956 2636 2330 2704 angewendet
2378 2635 2543 2702 wird,

1422 2706 1560 2762 aber
1613 2705 1728 2776 vgl.
1767 2706 1844 2760 IV
1893 2710 1924 2771 5
1973 2711 2040 2760 35
2089 2712 2284 2775 poetae
2337 2708 2545 2776 impen-

1420 2778 1548 2915 ffere
1593 2779 1748 2846 apud
1800 2777 2007 2844 inferos
2056 2793 2255 2832 saxum
2305 2777 2546 2833 Tantalo

1447 2850 1656 2903 aciunt.

1494 2919 1635 2988 Καρ.
1675 2918 1775 2973 40.
1817 2924 1934 2972 116.
1973 2919 2274 2986 surdaster,
2311 2918 2404 2974 ein
2436 2918 2544 2972 De-

1422 2989 1667 3044 minutiv
1715 3007 1785 3043 zu
1832 2989 2066 3056 surdus,
2118 2990 2218 3044 das
2270 2988 2391 3044 sich
2440 3007 2547 3043 nur

1422 3060 1549 3114 hier
1591 3060 1790 3128 findet,
1838 3060 2044 3114 ebenso
2089 3060 2416 3116 bezeichnet
2459 3077 2540 3116 re-

1420 3132 1690 3187 calvaster
1748 3131 1937 3199 einen‚
1995 3131 2097 3185 der
2146 3149 2254 3185 nur
2305 3131 2544 3187 teilweis

1417 3204 1612 3328 fflvus
1647 3202 1740 3271 ist,
1769 3207 2047 3272 poetaster
2083 3201 2248 3257 einen
2284 3201 2544 3257 Dichter·

1494 3292 1636 3399 &tale
1662 3344 1939 3399 audiebat.
1976 3343 2043 3396 In
2070 3342 2352 3430 gleichem
2374 3343 2543 3398 Sinne

1422 3430 1597 3494 sagen
1633 3414 1726 3468 die
1747 3414 2024 3469 Griechen
2061 3415 2251 3476 κακῶς
2285 3409 2542 3471 ἀκούειν.

1420 3483 1613 3554 Eurip.
1652 3484 1772 3540 Alc.
1814 3491 1916 3540 726
1964 3486 2151 3547 κακῶς
2196 3478 2435 3539 ἀκούειν
2473 3481 2544 3539 οὗ

1424 3555 1582 3623 μέλει
1626 3551 1872 3610 θανόντι
1916 3575 2028 3627 μοι.
2102 3555 2217 3610 1)6ι·
2262 3555 2547 3611 Triumvir-

1422 3628 1499 3680 M.
1549 3627 1777 3682 Crassus
1832 3626 2001 3682 Dives
2065 3625 2231 3710 stand
2292 3627 2354 3682 in
2417 3627 2547 3682 dem

1422 3697 1595 3766 Rufo,
1651 3696 1771 3753 dass
1817 3713 1903 3766 er,
1954 3715 2052 3751 um
2098 3697 2251 3753 seine
2295 3698 2548 3768 Habgier

1423 3770 1541 3824 und
1581 3739 1703 3822 'Ehr
1743 3768 1826 3824 eiz
1873 3786 1940 3823 zu
1984 3768 2358 3839 hefriedigen‚
2413 3768 2545 3823 kein

1422 3839 1615 3895 Mittel
1652 3856 1711 3894 sc
1754 3841 1900 3895 ente.
1967 3839 2039 3894 So
2077 3839 2184 3894 soll
2220 3855 2280 3893 er
2314 3839 2408 3893 bei
2445 3840 2547 3894 der

1426 3910 1894 3966 Catilinarischen
1944 3910 2395 3978 Verschworung
2447 3909 2543 3972 be-

1423 3982 1619 4051 teiligt
1662 3997 1919 4051 gewesen
1965 3980 2113 4047 sein,
2168 3979 2284 4035 und
2331 3981 2402 4034 de
2450 3979 2543 4036 off.

1424 4052 1507 4105 III
1544 4070 1590 4107 c.
1615 4057 1682 4107 18
1718 4053 1860 4107 wird
1895 4052 2016 4106 ihm
2047 4049 2246 4105 schuld
2273 4050 2544 4120 gegeben,

1424 4122 1548 4178 dass
1606 4139 1667 4179 er
1718 4124 1814 4178 bei
1877 4122 2033 4178 einer
2086 4121 2543 4176 Testamentum-

1426 4195 1645 4263 schung
1679 4193 1772 4248 die
1806 4194 1973 4249 Hand
2016 4193 2098 4247 im
2135 4191 2323 4263 Spiele
2368 4192 2544 4248 hatte.

1426 4265 1540 4320 Cic.
1580 4264 1749 4319 stand
1782 4283 1849 4318 zu
1884 4263 2005 4318 ihm
2042 4263 2244 4319 immer
2278 4263 2337 4318 in
2366 4263 2544 4317 feind-

1424 4335 1660 4405 seligem
1698 4334 2039 4391 Verbaltnis.

2556 1717 2651 1783 40

2539 1796 2646 1847 116
