2902 4649
15 135 16 148 ι
107 101 118 164 ε,

15 187 18 218 l

117 167 184 232 x,

584 179 1186 236 TUSCULANARUM
1220 178 1829 235 DISPUTATIONUM
1865 179 1963 234 III.
2004 151 2231 233 49-5'4.
2509 177 2592 241 31

127 335 136 346 ¹
248 367 423 429 supra
472 347 619 428 dixi3
677 350 854 407 etiam
910 346 1238 427 Chrysippo
1294 349 1376 407 ita
1433 346 1621 407 videri
1676 349 1829 427 scio,
1885 346 2043 426 quod
2098 348 2405 425 provisum
2459 354 2595 407 ante

245 456 364 499 non
401 439 506 517 sit,
552 436 610 496 id
653 437 832 497 ferire
870 436 1306 517 vehementius3
1353 435 1458 496 sed
1496 451 1618 495 non
1657 445 1798 496 sunt
1832 438 1895 496 in
1931 436 2045 495 hoc
2083 437 2295 496 omnia.
2379 435 2594 508 Quam-

246 544 420 607 quam
484 526 747 587 hostium
806 543 1026 604 repens
1086 524 1374 585 adventus
1433 527 1621 604 magis
1681 524 1982 605 aliquanto
2042 524 2359 586 conturbat
2417 543 2595 604 quam

242 622 620 696 exspectatus
682 622 742 675 et
801 616 981 674 maris
1041 614 1237 675 subita
1296 622 1621 694 tempestas
1681 632 1856 693 quam
1917 621 2051 674 ante
2110 616 2346 693 provisa
2406 621 2598 675 terret

243 705 588 784 navigantes
642 703 1079 783 vehementiuS,
1144 713 1205 763 et
1260 705 1389 764 eius
1443 703 1604 764 modi
1662 710 1803 764 sunt
1854 702 2155 783 pleraque.
2249 702 2394 784 Sed,
2459 721 2595 764 cum

243 794 561 873 diligenter
618 794 1104 871 necopinatorum
1160 801 1434 853 naturam
1493 792 1836 853 consideres
1847 840 1864 871 ,
1917 791 2063 852 nihil
2119 790 2297 852 aliud·
2331 795 2596 872 reperias

242 885 361 944 uisi
399 883 593 942 omnia
632 880 821 941 videri
860 880 1054 941 subita
1093 884 1340 962 maiora,
1381 889 1441 941 et
1476 881 1717 960 quidem
1757 880 1832 940 oh
1870 881 2017 941 duas
2056 898 2290 961 causas,
2335 884 2595 960 primum

242 970 404 1051 quod
453 978 672 1050 quanta
719 972 841 1029 sint
886 988 1036 1049 quae
1099 970 1377 1031 accidunt
1431 969 1848 1030 considerandi
1905 972 2160 1049 spatium
2216 988 2337 1030 non
2393 969 2596 1051 datur3

241 1059 487 1139 deinde,
535 1075 671 1119 cum
718 1058 955 1119 videtur
1001 1061 1342 1144 praecaveri
1385 1062 1683 1140 potuisse,
1739 1062 1790 1119 si
1835 1061 2140 1139 provisum
2187 1067 2372 1139 esset,
2427 1061 2598 1138 quasi

241 1148 416 1229 culpa
476 1156 849 1208 contractum
914 1147 1133 1229 malum
1195 1147 1632 1227 aegritudinem
1686 1150 1978 1209 acriorem
2040 1149 2194 1208 facit.
2287 1147 2459 1218 Quod
2514 1150 2593 1209 ita
2614 1158 2684 1205 53

240 1256 374 1299 esse
415 1237 544 1297 dies
581 1236 866 1317 declarat,
913 1255 1064 1316 quae
1102 1237 1436 1316 procedens
1482 1239 1563 1298 ita
1612 1240 1866 1317 mitigat,
1912 1246 1981 1298 ut
2026 1237 2217 1297 isdem
2264 1235 2431 1305 malis
2477 1255 2595 1297 ma-

236 1325 527 1387 nentibus
582 1344 701 1386 non
760 1326 936 1386 modo
991 1320 1249 1387 leniatur
1304 1326 1642 1408 aegritudo,
1701 1325 1805 1386 sed
1860 1328 1923 1387 iu
1979 1327 2280 1407 plerisque
2337 1325 2596 1386 tollatur.

239 1415 775 1494 Karthaginienses
839 1414 1012 1494 multi
1077 1415 1297 1476 Romae
1364 1419 1728 1493 servierunt,
1792 1414 2146 1476 Macedones
2209 1432 2349 1494 rege
2414 1413 2597 1475 Perse

238 1511 447 1585 capt03
494 1503 615 1563 vidi
661 1505 838 1563 etiam
883 1506 945 1563 in
982 1502 1424 1585 Peloponneso,
1471 1522 1609 1564 cum
1650 1521 1847 1586 'essem
1888 1504 2263 1583 adulescens„
2313 1503 2599 1583 quosdam

242 1592 608 1653 Corinthios,
701 1590 776 1652 Hi
820 1602 1099 1672 poterant
1145 1611 1351 1653 omnes
1399 1592 1606 1653 eadem
1660 1592 1757 1653 illa
1815 1592 1887 1653 de
1934 1592 2343 1653 Andromacha
2399 1592 2598 1671 deplo-

241 1700 384 1744 rare
423 1685 581 1743 haec
618 1684 821 1742 omnia
857 1684 987 1742 vidi
1014 1728 1134 1756 ...,
1182 1681 1287 1742 sed
1325 1684 1439 1742 iam
1480 1681 1937 1742 decantaverant
1973 1682 2242 1742 fortasse.
2316 1680 2404 1741 Eo
2442 1683 2601 1741 euim

241 1780 421 1833 erant
465 1769 655 1850 voltu,
702 1772 997 1852 oratione,
1043 1774 1205 1830 omni
1252 1770 1484 1849 reliquo
1533 1779 1697 1831 motu
1745 1779 1806 1831 et
1852 1779 2034 1852 statu,
2089 1777 2159 1831 ut
2206 1788 2308 1830 eos
2354 1771 2600 1850 Argivos

241 1868 352 1921 aut
419 1859 729 1939 Sicyonios
803 1858 1064 1940 dicereS,
1136 1862 1442 1939 magisque
1489 1878 1612 1920 -me
1688 1867 1994 1920 moverant
2059 1859 2330 1920 Corinthi
2403 1858 2599 1919 subito

238 1956 519 2028 aspectae
565 1950 891 2027 parietinae
940 1966 1116 2027 quam
1162 1950 1325 2028 ipsos
1361 1947 1729 2029 Corinthios,
1778 1967 2031 2027 quorum
2071 1950 2280 2008 animis
2320 1948 2599 2009 diuturna

240 2040 527 2117 cogitatio
576 2035 790 2098 callum
835 2039 1147 2098 vetustatis
1194 2037 1541 2098 obduxerat.
1633 2037 1913 2115 Legimus
1969 2037 2189 2097 librum
2236 2036 2599 2117 Clitomachi,
2619 2047 2688 2095 54

322 2242 519 2353 {zm
545 2241 736 2353 33²⁰
739 2226 1137 2352 effllwzslial
1144 2231 1372 2352 433311

241 2369 393 2423 wird
428 2370 513 2423 als
562 2368 973 2438 selbstandiger
1011 2368 1140 2422 Satz
1187 2369 1372 2438 einge-

242 2442 424 2508 ffihrt,
442 2440 711 2493 wahrend
737 2457 797 2494 er
816 2438 1089 2494 ebenfalls
1107 2457 1217 2496 von
1230 2441 1375 2509 quod

242 2511 552 2580 abhangen
591 2511 774 2566 sollte.
847 2511 1070 2566 Ebenso
1101 2517 1131 2576 ἓ
1161 2517 1230 2565 54
1262 2527 1377 2565 non

241 2597 726 2736 aasz&
740 2584 1376 2722 mirarer?

245 2734 272 2779 1
293 2768 310 2795 ,
351 2731 379 2777 1
416 2740 535 2778 non
569 2741 702 2793 qnia
738 2754 807 2764 --
844 2726 951 2779 sed.

240 2795 1374 2921 Inpcdtgffsgfat‘ffgsstahffidgssgtffiitgn

239 2939 432 3008 potuit
469 2968 539 2977 —
574 2939 630 2991 si
652 2939 938 3006 provisam
976 2942 1120 2992 esset.

327 3014 410 3064 53.
453 3009 610 3079 Quod
644 3009 730 3063 ita
765 3022 886 3063 esse,
949 3007 1087 3077 Dass
1116 3007 1207 3061 die
1225 3007 1372 3061 Wit-

241 3081 409 3149 kung
446 3080 542 3133 des
581 3079 1004 3134 Unerwarteten
1046 3079 1148 3134 auf
1178 3077 1372 3133 diesen

242 3150 455 3206 beiden
493 3149 758 3206 Grfinden
802 3150 1029 3218 beruht,
1086 3150 1371 3206 erkennen

242 3221 357 3275 wir
394 3221 622 3290 darana,
669 3220 791 3276 dass
839 3221 938 3277 der
974 3223 1242 3275 Kummer
1289 3220 1371 3275 im

244 3292 494 3346 Verlauf
539 3294 640 3347 der
688 3293 811 3347 Zeit
864 3291 1168 3361 nachlasst,
1224 3292 1372 3347 denn

244 3362 363 3418 mit
415 3364 515 3418 der
549 3363 673 3418 Zeit
728 3363 1010 3417 erkennen
1063 3365 1191 3432 wir,
1249 3362 1371 3418 dass

240 3436 351 3489 das
387 3421 533 3489 Ubel
567 3436 729 3489 nicht,
765 3452 827 3489 so
866 3434 1017 3504 gross
1054 3435 1153 3503 ist,
1191 3435 1276 3490 als
1315 3452 1372 3489 es

239 3506 442 3562 sohien
475 3507 590 3560 und
627 3505 751 3575 dass
787 3524 891 3560 uns
919 3506 1083 3561 keine
1114 3507 1249 3561 oder
1275 3522 1371 3576 ge-

239 3576 410 3646 tinge
440 3576 651 3631 Sohuld
679 3576 838 3633 trifft.
905 3578 1055 3631 Aber
1082 3577 1224 3632 eben
1253 3577 1373 3633 dies

239 3649 409 3703 hatte
449 3646 560 3704 Cic.
601 3649 977 3718 eingehender
1023 3650 1217 3719 zeigen
1264 3649 1371 3704 sol·

240 3720 368 3785 len3
430 3722 572 3774 stati,
608 3719 805 3774 dessen
839 3720 1094 3790 begniigt
1143 3737 1203 3774 er
1252 3720 1372 3775 sich

244 3808 326 3845 an
363 3789 681 3860 Beispielen
725 3809 793 3844 zu
839 3791 1058 3860 zeigen,
1105 3790 1226 3844 dass
1274 3791 1372 3844 der

244 3861 520 3916 Kummer
580 3863 689 3915 mit
744 3863 842 3917 der
895 3863 1017 3916 Zeit
1070 3860 1369 3928 nachliisst‚

246 3932 367 3986 und
403 3938 433 3998 ξ
471 3938 541 3988 64
587 3933 745 3987 ffihrt
789 3950 850 3988 er
896 3932 1152 3987 dasselbe
1189 3934 1371 4001 Argu-

243 4006 407 4058 ment
441 4015 624 4075 gagen
661 4003 750 4058 die
776 4003 1110 4074 Cyrenaiker
1148 4020 1236 4068 an,
1274 4021 1371 4057 um

248 4092 319 4128 zu
356 4075 578 4146 zeigen,
627 4074 748 4129 dass
797 4075 896 4129 der
931 4075 1200 4130 Kummer
1241 4074 1371 4129 frei-

248 4145 433 4271 311]ss
470 4146 576 4215 sei,
616 4146 669 4198 d.
700 4146 755 4201 h.
788 4147 887 4201 auf
909 4146 1253 4215 Einbildung
1279 4145 1372 4199 be·

358 4234 404 4272 e.
803 4232 809 4239 ·

328 4289 495 4344 Perse
530 4285 706 4357 capse.
781 4289 866 4342 Im
895 4288 944 4344 J.
972 4293 1071 4343 168
1098 4288 1244 4344 nach
1274 4287 1375 4342 der

257 4359 524 4416 Schlacht
559 4360 652 4415 bei
689 4359 899 4429 Pydna.

1554 2226 1673 2280 vidi
1727 2226 1889 2279 etiam
1943 2225 2007 2277 in
2062 2224 2316 2293 Pelopon.
2389 2224 2455 2278 In
2493 2224 2601 2279 den

1479 2296 1692 2352 Jahren
1732 2302 1940 2352 79-77
1978 2295 2123 2350 hieu:
2160 2296 2279 2351 sich
2309 2294 2502 2351 Cicero
2539 2297 2600 2351 in

1484 2367 1895 2423 Griechenland
1944 2369 2059 2421 und
2111 2368 2432 2423 Kleinasien
2485 2368 2599 2424 auf.

1481 2439 1723 2494 Korinth
1762 2457 1878 2492 war
1909 2445 2010 2494 146
2041 2457 2151 2502 von
2167 2439 2470 2493 Mummius
2487 2457 2600 2493 zer-

1485 2512 1642 2565 stort.
1696 2509 1995 2565 Allenfalls
2023 2510 2236 2565 konnte
2263 2510 2383 2565 also
2406 2508 2600 2566 Cicero

1482 2581 1631 2636 noch
1668 2581 1858 2636 Greise
1903 2582 2098 2648 sehen,
2155 2582 2324 2636 deren
2367 2581 2600 2636 Erinne-

1480 2653 2460 2792 ωῗῖξῗηῗῐῖἶτῗιίἒοῖἓϊΰῧξξῗξὲἓὲω
2497 2740 2598 2778 aus

1482 2795 1582 2848 der
1617 2793 2032 2849 Andromache'
2089 2797 2151 2864 (a.
2204 2800 2297 2863 19,
2343 2798 2453 2862 45).
2530 2793 2599 2849 de

1483 2866 1534 2919 d.
1573 2867 1688 2920 nat,
1726 2865 1754 2917 I
1791 2871 1842 2932 8,
1880 2870 1947 2918 18
1989 2865 2247 2920 Platonis
2281 2866 2348 2920 cle
2381 2866 2599 2920 Timaeo

1483 2939 1655 2991 deam.
1731 2937 1801 2991 de
1846 2952 1907 2990 re
1953 2955 2007 3006 p.
2054 2936 2081 2989 I
2131 2943 2223 3006 18,
2272 2943 2340 2991 30
2384 2937 2489 2992 illa
2534 2938 2601 2991 de

1483 3009 1779 3076 Iphigenia
1815 3009 2067 3064 Achillis,
2139 3008 2210 3062 de
2258 3008 2350 3063 off.
2396 3008 2476 3062 III
2512 3013 2597 3075 21,

1479 3085 1548 3133 82
1588 3080 1824 3135 Graecos
1857 3096 2044 3134 versas
2081 3081 2148 3134 de
2186 3079 2517 3134 Phoenissis,

1551 3153 1977 3206 decantaverant
2173 3156 2397 3205 eantare
2459 3151 2598 3204 desi-

1478 3228 1688 3277 verant.

1551 3293 1790 3364 Aryivos
1809 3298 1909 3347 aut
1928 3291 2023 3347 Sic
2061 3293 2233 3358 oniae,
2266 3291 2385 3345 also
2405 3292 2599 3360 Lente,

1481 3364 1572 3418 die
1608 3382 1720 3421 von
1756 3364 1980 3418 keinem
2019 3310 2279 3432 {lingffiok
2326 3361 2600 3416 betroffen

1480 3452 1682 3491 waren.

1554 3509 1753 3562 callam
1790 3506 2075 3561 vetustatis
2111 3506 2433 3573 obclaaeerat,
2469 3505 2521 3558 d.
2559 3504 2598 3561 i.

1482 3580 1682 3633 callum
1744 3578 1904 3647 quale
1960 3581 2224 3632 vestutate
2275 3578 2399 3644 fleri
2451 3578 2600 3645 solet,

1479 3650 1587 3703 mii,
1635 3649 1734 3703 der
1783 3648 1907 3702 Zeit
1956 3646 2303 3718 geft‘ihlloser
2337 3649 2602 3718 gemacht

1480 3721 1656 3777 hatte.
1729 3720 1783 3773 II
1805 3724 1887 3786 15,
1908 3726 1976 3774 36
2005 3725 2056 3774 et
2091 3720 2207 3789 ipse
2246 3721 2403 3774 labor
2439 3720 2602 3789 qnasi

1481 3792 1680 3845 callum
1719 3791 1994 3861 quoddam
2031 3792 2254 3846 obducit
2289 3791 2480 3845 dolori.

1553 3867 1637 3915 54.
1696 3863 2065 3917 Clitomachus
2128 3879 2228 3916 aus
2291 3861 2599 3930 KarthagO,

1482 3931 1617 3987 oder
1660 3932 1766 3987 wie
1813 3950 1873 3986 er
1917 3933 1978 3986 in
2015 3933 2225 3988 seinem
2261 3930 2601 3986 Vaterlande

1479 4002 1648 4071 hiere,
1703 4004 2051 4069 Hasdrubal,
2105 4003 2297 4058 wurde
2343 4021 2439 4057 um
2497 4008 2598 4057 129

1477 4093 1531 4130 v.
1564 4073 1691 4129 Chr.
1728 4075 1826 4130 der
1853 4075 2200 4145 Nachfolger
2227 4075 2326 4129 des
2354 4074 2598 4128 Karnea-

1480 4146 1578 4202 des
1626 4146 1729 4201 auf
1771 4147 1898 4203 dem
1934 4147 2383 4201 Akademischen
2425 4146 2601 4199 Lehr-

1483 4219 1687 4274 stuhle.
1760 4219 1838 4272 Er
1865 4218 2151 4272 zeichnete
2181 4216 2270 4272 die
2300 4217 2480 4270 Lehre
2501 4216 2600 4269 des

1481 4290 1806 4345 Karneades
1843 4287 1946 4342 auf
1983 4288 2099 4342 und
2139 4287 2453 4342 hinterliel's
2492 4293 2599 4341 400

1481 4361 1718 4417 Biicher.
1795 4360 1848 4415 S.
1886 4359 2030 4414 Einl.
2071 4366 2101 4425 ξ
2139 4365 2188 4414 2.
