2902 4649
584 135 1182 192 TUSCULANARUM
1218 136 1830 193 DISPUTATIONUM
1865 139 1960 194 III.
1998 144 2192 202 9-——11‘
2248 204 2263 218 ·
2534 141 2581 204 9

213 306 344 385 ipsa
393 303 672 365 declarat.
760 303 881 365 Eos
926 306 1085 365 enim
1134 322 1309 365 sanos
1356 307 1636 383 quoniam
1681 305 1945 384 intellegi
1991 324 2238 367 necesse
2279 313 2388 387 est,
2432 326 2580 387 quo·

214 411 354 468 rum
402 410 571 454 mens
615 400 780 454 motu
830 395 999 472 quasi
1044 393 1253 453 morbo
1300 392 1646 472 perturbata
1696 392 1857 454 nullo
1906 396 2012 475 sit,
2071 396 2175 474 qui
2222 403 2427 457 contra
2476 396 2577 457 ad-

215 482 357 543 fecti
408 483 555 562 sint,
607 481 721 541 hos
774 483 1016 543 insanos
1072 481 1356 561 appellari
1401 500 1651 543 necesse
1707 491 1815 543 est.
1906 481 2111 563 Itaque
2170 484 2317 545 nihil
2364 484 2584 547 melius

217 587 397 649 quam
454 570 610 648 quod
671 577 764 631 est
818 573 879 631 in
936 569 1369 632 consuetudine
1426 573 1720 632 sermonis
1775 570 1998 652 Latini,
2059 591 2193 634 cum
2251 575 2448 635 exisse
2505 592 2578 635 ex

214 666 511 738 potestate
558 657 812 720 dicimus
857 677 989 740 eoS,
1046 661 1150 739 qui
1206 660 1494 721 ecfrenati
1550 660 1831 721 feruntur
1878 667 1980 721 aut
2023 658 2268 722 libidine
2315 667 2418 723 aut
2462 665 2576 724 ira·

216 747 461 809 cundia:
537 765 894 828 quamquam
957 749 1085 828 ipsa
1151 748 1457 809 iracundia
1532 747 1794 810 lihidinis
1869 756 1961 810 est
2024 768 2191 831 pars3
2266 752 2352 811 sic
2418 754 2581 813 enim

216 836 499 898 definitur
552 836 885 918 iracundia,
949 836 1275 898 ulciscendi
1339 836 1538 898 libide.
1632 836 1746 908 Qui
1802 839 1984 917 igitur
2043 840 2235 899 exisse
2291 858 2364 900 ex
2411 849 2576 919 pote·

216 933 372 987 state
410 925 710 1008 dicuntur,
753 925 979 987 idcirco
1025 924 1327 1007 dicuntur,
1373 927 1512 1005 quia
1560 944 1678 987 non
1726 927 1848 987 sint
1890 928 1952 988 in
1998 934 2294 1006 potestate
2341 931 2585 1009 mentis,

216 1016 320 1075 cui
378 1031 628 1093 regnum
688 1016 873 1076 totius
934 1016 1115 1076 animi
1175 1033 1208 1075 a
1268 1022 1480 1076 natura
1540 1013 1835 1076 tributum
1896 1023 2004 1076 est.
2107 1014 2317 1077 Graeci
2380 1025 2578 1079 autem

215 1101 471 1184 μανίαν
542 1102 702 1164 unde
776 1103 1072 1183 appellent
1144 1121 1264 1165 non
1340 1104 1512 1165 facile
1575 1104 1854 1165 dixerim:
1932 1122 2062 1164 eam
2127 1112 2322 1165 tamen
2389 1107 2581 1186 ipsam

216 1193 641 1271 distinguimus
701 1210 811 1252 nos
872 1191 1085 1254 melius
1156 1210 1333 1272 quam
1395 1192 1499 1253 illi.
1592 1190 1757 1253 Hanc
1824 1194 1982 1253 enim
2046 1194 2362 1274 insaniam,
2426 1213 2583 1274 quae

217 1283 422 1342 iuncta
477 1280 725 1342 stultitia
782 1289 947 1360 patet
999 1282 1203 1361 latim,
1250 1300 1282 1342 a
1337 1282 1544 1343 furore
1602 1281 2014 1361 disiungimus.
2105 1281 2317 1343 Graeci
2372 1283 2580 1344 volunt

218 1368 304 1430 illi
351 1369 609 1450 quidem,
656 1369 761 1430 sed
806 1388 1020 1449 parum
1066 1370 1262 1431 valent
1306 1368 1518 1431 verbo:
1565 1387 1744 1449 quem
1781 1388 1892 1430 nos
1929 1370 2215 1452 furorem,
2261 1371 2581 1453 μελαγχο·

216 1456 377 1519 λίαν
432 1457 517 1518 illi
563 1466 804 1537 vocant3
860 1460 1030 1538 quasi
1083 1477 1226 1520 vero
1283 1470 1409 1521 atra
1465 1457 1571 1519 bili
1626 1458 1816 1519 solum
1874 1476 2043 1519 mens
2099 1477 2166 1520 ac
2226 1478 2346 1520 non
2402 1477 2582 1541 saepe

218 1546 312 1607 vel
357 1547 665 1608 iracundia
711 1550 980 1626 graviore
1029 1548 1120 1608 vel
1166 1549 1381 1611 timore
1429 1547 1522 1608 vel
1569 1547 1773 1608 dolore
1821 1556 2146 1629 moveatur,
2194 1566 2312 1627 quo
2359 1566 2584 1626 genere

219 1634 664 1718 Athamantem,
709 1634 1153 1718 Alcmaeonem,
1207 1636 1472 1718 Aiacem,
1530 1635 1806 1697 Orestem
1852 1636 2054 1697 furere
2102 1636 2371 1697 dicimus
2466 1637 2580 1709 Qui

215 1727 300 1785 ita
347 1726 426 1785 sit
470 1724 765 1806 adsectuS,
822 1743 958 1786 eum
1020 1725 1323 1786 dominum
1381 1743 1514 1785 esse
1570 1742 1776 1786 rerum
1823 1742 2065 1786 suarum
2112 1732 2313 1786 vetant
2357 1724 2580 1786 duode-

217 1815 336 1873 cim
373 1811 625 1875 tahulae.
717 1812 922 1893 Itaque
968 1832 1086 1874 non
1135 1821 1229 1875 est
1274 1815 1564 1893 scriptum
1611 1831 1669 1874 s1
1712 1832 1992 1894 memet,
2038 1813 2142 1874 sed
2181 1832 2238 1874 ει
2275 1832 2584 1877 rumosas

218 1919 419 1963 nscrr.
488 1901 811 1963 Stultitiam
850 1904 1009 1964 enim
1049 1903 1802 1982 censueruntaeonstanfla,
1839 1903 1899 1963 id
1939 1910 2032 1964 est
2068 1905 2337 1983 sanitate,
2373 1920 2583 1964 vacan-

218 1999 343 2052 tem
387 2008 564 2070 possc
621 1998 818 2052 tamen
875 1992 1035 2052 tueri
1091 1991 1564 2052 mediocritatem
1619 1991 1952 2051 officiorum
2011 1999 2071 2051 et
2115 1993 2268 2052 vitae
2316 2009 2581 2052 commu-

217 2097 360 2141 nem
408 2079 634 2141 cultum
684 2087 861 2159 atque
911 2081 1223 2161 usitatum3
1274 2080 1542 2141 furorem
1591 2085 1787 2142 autem
1837 2097 1969 2140 esse
2016 2081 2132 2140 rati
2177 2087 2319 2141 sunt
2364 2082 2586 2142 mentis

219 2167 293 2228 ad
350 2170 547 2229 omnia
602 2170 964 2230 caecitatem.
1059 2167 1228 2239 Quod
1285 2186 1422 2231 cum
1480 2169 1671 2229 maius
1735 2185 1868 2228 esse
1923 2168 2194 2229 videatur
2261 2186 2436 2247 quam
2491 2171 2580 2229 in·

221 2258 414 2340 sania,
471 2265 669 2319 tamen
716 2259 847 2318 eius
904 2256 1063 2318 modi
1111 2266 1228 2340 est,
1283 2265 1353 2319 ut
1405 2257 1577 2361 furor
1631 2258 1694 2317 in
1740 2258 2068 2336 sapientem
2116 2256 2328 2318 cadere
2374 2259 2587 2339 possit,

296 2395 471 2450 exisse
505 2409 573 2448 ex
601 2399 895 2463 potestate,
937 2394 1141 2449 ‘seiner
1176 2394 1350 2450 selbst
1459 2400 1555 2465 60,
1613 2394 1816 2449 ebenso
1875 2391 2126 2460 Orestes,
2189 2392 2319 2447 weil
2373 2410 2435 2448 er
2490 2392 2585 2448 die

218 2464 984 2606 222225.me0g¹1†¹1v2{¹32322
1015 2459 1349 2592 ἕῗζέἶσῖἔὲ
1457 2433 2137 2604 ffliffissifssiamissfftil
2171 2465 2346 2591 {231⁶
2340 2537 2583 2591 efflato

219 2554 602 2678 Adjeotivunf
620 2608 890 2676 impotens
923 2606 1065 2662 wird
1101 2607 1162 2662 in
1205 2607 1348 2678 glei·
1455 2623 1566 2662 nen
1605 2605 1872 2662 Stiioken.

221 2677 358 2733 cher
391 2677 727 2749 Bedeutung
761 2679 1095 2748 gebraucht.
1526 2679 1580 2733 si
1624 2678 1875 2744 furiosus
1918 2677 2063 2731 escit.
2137 2674 2253 2730 Das
2291 2675 2494 2731 Gesetz
2537 2695 2583 2732 s.

293 2765 652 2831 quamquam.-
708 2768 744 2804 v
747 2750 822 2819 gL
872 2749 964 2804 die
1020 2749 1351 2820 Einteilung
1456 2768 1503 2802 z.
1541 2748 1594 2802 II
1631 2753 1726 2831 ²¹2
1773 2752 1860 2802 48.
1904 2818 1916 2830 .
1945 2745 2051 2802 Die
2094 2747 2263 2802 Form
2306 2749 2437 2802 escit
2481 2748 2586 2832 hat

225 2819 328 2874 der
363 2767 840 2875 Leidenschafffen
877 2819 954 2875 IV
992 2819 1823 2889 7,16.inchoat1ven
1860 2817 2012 2873 Smn.
2077 2817 2225 2902 Fest.
2254 2836 2311 2888 p.
2344 2824 2412 2874 77
2453 2824 2587 2874 esett

297 2891 411 2960 Qui
454 2892 658 2960 iqitur:
710 2890 851 2945 uber
894 2892 1071 2963 iyitm·
1119 2910 1160 2946 s.
1211 2911 1256 2946 z
1298 2891 1349 2945 II
1461 2916 1529 2937 =
1567 2891 1686 2945 erit.
1756 2890 1838 2945 Ib.
1881 2893 1982 2944 188
2020 2890 2216 2944 obesett
2251 2914 2321 2936 ==
2359 2890 2546 2945 oberit.

221 2966 311 3029 22,
349 2967 436 3017 61.
1531 2962 1824 3016 stultitiam
1861 2985 1930 3007 ==
1967 2962 2266 3015 insaniam.

296 3034 510 3102 μανίαν
536 3034 684 3087 unde
710 3034 999 3103 appellent.
1049 3032 1165 3088 Das
1186 3032 1353 3088 Wort
1533 3032 2129 3116 mediocritatem-offic,
2150 3031 2204 3086 d.
2224 3030 2261 3086 i.
2291 3033 2472 3115 media
2501 3034 2588 3101 of·

220 3104 300 3158 ist
335 3102 681 3157 herzuleiten
719 3121 831 3160 von
867 3104 968 3158 der
991 3103 1218 3159 Wurzel
1255 3123 1352 3174 μοι,
1462 3105 1609 3171 fieta.
1693 3102 1798 3158 Die
1863 3101 2090 3158 Stoiker
2152 3103 2585 3158 untersehxeden

221 3191 430 3229 wovon
494 3171 749 3244 μεμαώς,
814 3170 1044 3245 μαιμοὶω
1117 3174 1353 3242 kommt,
1462 3173 1742 3230 zwischen
1785 3175 1965 3256 media
1999 3174 2123 3240 affl,
2170 3173 2589 3229 Erfordernisse

230 3244 425 3314 eifrig
460 3247 608 3300 nach
648 3248 821 3301 etwas
860 3245 1128 3301 streben’.
1464 3244 1564 3299 der
1618 3243 1985 3314 allffighohen
2034 3242 2239 3311 ΜοιαΙ,
2295 3243 2411 3298 und
2458 3261 2589 3314 per-

287 3320 451 3386 patet
488 3316 673 3371 latius
750 3317 806 3371 S.
845 3316 898 3370 ΙΙ
936 3321 1022 3384 24,
1060 3321 1145 3371 68.
1462 3317 1609 3383 fecta
1643 3316 1764 3382 off„
1799 3315 2176 3397 Handlungen
2211 3314 2310 3369 des
2337 3314 2591 3383 Weisen‚

288 3403 503 3457 parum
545 3388 731 3442 valent
780 3388 967 3443 verbo:
1017 3386 1122 3442 ‘sie
1166 3387 1353 3442 haben
1462 3385 1614 3441 der
1597 3403 1677 3440 xm
1715 3354 1902 3440 B’esitz
1940 3385 2041 3439 der
2073 3384 2437 3441 vollendeten
2473 3357 2591 3439 Tus

227 3459 367 3514 kein
403 3458 893 3514 ausdrucksvolles
931 3458 1139 3512 Wort’.
1463 3456 1613 3526 gend
1656 3455 1735 3511 ist
1777 3455 1894 3509 und
1935 3471 2047 3511 von
2092 3455 2183 3510 ihr
2237 3456 2357 3510 sich
2412 3457 2585 3512 allein

296 3530 704 3584 Athamantem.
779 3529 879 3583 Als
924 3527 1119 3583 Grund
1172 3529 1354 3584 seines
1460 3527 1799 3583 bestimmen
1844 3525 1995 3581 lassi„
2067 3525 2139 3581 de
2176 3524 2268 3581 off.
2305 3526 2387 3580 III
2416 3534 2474 3597 3,
2517 3533 2589 3582 14

226 3599 612 3656 Wahnsinnes
639 3599 782 3654 wird
814 3601 983 3654 meist
1008 3616 1081 3654 an
1121 3600 1353 3670 egeben,
1463 3598 1623 3655 Haec
1665 3598 1810 3653 enim
1855 3597 2045 3665 officia
2080 3627 2148 3637 —-
2185 3599 2367 3653 media
2411 3598 2587 3654 Stoici

227 3670 353 3726 dats
388 3669 542 3725 Hera.
575 3671 698 3725 ihm
731 3673 942 3738 ziimte,
980 3617 1120 3725 weil
1148 3687 1208 3724 er
1244 3671 1356 3725 den
1464 3670 1781 3740 appellant«,-
1844 3685 1910 3723 ea
1972 3670 2282 3725 communia
2342 3675 2476 3724 sumt
2538 3675 2591 3725 et

225 3742 509 3811 Dionysos
547 3757 671 3796 erzo
714 3759 783 3797 en
818 3742 998 3795 hatte.
1062 3740 1140 3796 Er
1173 3743 1356 3797 totete
1466 3741 1575 3796 late
1605 3746 1818 3810 patent,
1852 3756 1994 3809 quae
2029 3745 2079 3794 et
2106 3740 2319 3810 inqenii
2347 3741 2591 3796 bonitate

228 3812 426 3868 seinen
473 3812 629 3866 Sohn
721 3812 980 3880 earchus,
1038 3811 1154 3867 und
1205 3813 1356 3868 scine
1464 3812 1629 3867 multi
1692 3816 2058 3880 assequuntur
2110 3815 2161 3865 et
2204 3812 2591 3882 prom-cesione

229 3882 535 3939 Gomahlin
595 3883 694 3938 Ino
759 3884 968 3938 stiirzte
1032 3881 1152 3938 sich
1166 3924 1181 3951 ‚
1244 3899 1355 3939 von
1465 3883 1725 3938 discendi.
1765 3883 1932 3937 Illud
1959 3886 2140 3937 autem
2165 3882 2410 3949 officium
2441 3882 2589 3952 quod

225 3955 351 4010 ihm
397 3954 670 4023 verfolgt‚
723 3954 830 4009 mit
865 3955 995 4009 dem
1031 3953 1357 4008 Melikertes
1464 3958 1670 4009 rectum
1713 3954 1879 4008 iidem
1928 3953 2237 4023 appellant,
2281 3954 2587 4023 perfectum

228 4042 342 4084 von
380 4024 565 4081 einem
603 4025 805 4080 Felsen
840 4024 902 4079 in
939 4025 1042 4080 das
1079 4024 1247 4080 Meer.
1466 4029 1630 4094 atque
1665 4024 1976 4079 absolutum
2012 4028 2090 4077 est
2126 4053 2193 4063 —
2229 4039 2328 4078 nec
2364 4029 2589 4094 praeter

298 4095 600 4152 Alcmaeon
617 4096 806 4151 wurde
833 4095 1207 4166 wahnsinnig,
1227 4094 1359 4150 weil
1465 4097 1763 4166 sapientem
1852 4095 2043 4150 cadere
2124 4095 2186 4148 ἰπ
2270 4111 2589 4165 quemquam

231 4182 294 4221 er
348 4167 503 4223 scine
557 4167 770 4222 Mutter
818 4166 1085 4249 Eriphyle
1140 4168 1360 4238 gestitet
1457 4171 1652 4235 potest.

232 4238 425 4308 hatte,
489 4256 585 4293 um
651 4238 726 4293 an'
787 4237 879 4292 ihr
939 4237 1133 4292 seinen
1186 4236 1361 4292 Vater
1537 4238 1702 4305 furor
1726 4239 1791 4293 in
1816 4238 2113 4320 swientem
2140 4236 2244 4292 eet..
2306 4235 2444 4292 Wer
2470 4237 2587 4292 ein·

231 4281 614 4381 Amphiaraus
651 4326 718 4363 zu
762 4309 997 4377 nichea,
1046 4325 1088 4361 s
1118 4326 1161 4364 z.
1190 4309 1242 4363 11
1271 4312 1358 4378 26,
1465 4309 1581 4364 mal
1618 4309 1822 4365 weise
1858 4309 1962 4378 ist,
1997 4307 2148 4362 kann
2184 4306 2347 4363 nicht
2381 4307 2590 4363 wieder
