<?xml version="1.0" encoding="UTF-8"?>
<!DOCTYPE html PUBLIC "-//W3C//DTD XHTML 1.0 Transitional//EN"
    "http://www.w3.org/TR/xhtml1/DTD/xhtml1-transitional.dtd">
<html xmlns="http://www.w3.org/1999/xhtml" xml:lang="en" lang="en">
 <head>
  <title>
</title>
<meta http-equiv="Content-Type" content="text/html;charset=utf-8" />
  <meta name='ocr-system' content='tesseract 3.04.00' />
  <meta name='ocr-capabilities' content='ocr_page ocr_carea ocr_par ocr_line ocrx_word'/>
</head>
<body>
  <div class='ocr_page' id='page_1' title='image "./ciceronistuscul00heingoog_0155.png"; bbox 0 0 2902 4649; ppageno 0'>
   <div class='ocr_carea' id='block_1_1' title="bbox 603 168 2599 235">
    <p class='ocr_par' dir='ltr' id='par_1_1' title="bbox 603 168 2599 235">
     <span class='ocr_line' id='line_1_1' title="bbox 603 168 2599 235; baseline 0.003 -10"><span class='ocrx_word' id='word_1_1' title='bbox 603 168 1206 226; x_wconf 85' lang='lat' dir='ltr'><strong>TUSCULANARUM</strong></span> <span class='ocrx_word' id='word_1_2' title='bbox 1241 168 1852 226; x_wconf 86' lang='lat' dir='ltr'><strong>DISPUTATIONUM</strong></span> <span class='ocrx_word' id='word_1_3' title='bbox 1887 170 1982 224; x_wconf 84' lang='lat' dir='ltr'><strong>III.</strong></span> <span class='ocrx_word' id='word_1_4' title='bbox 2023 176 2249 226; x_wconf 84' lang='grc'><strong>26-29,</strong></span> <span class='ocrx_word' id='word_1_5' title='bbox 2517 169 2599 235; x_wconf 90' lang='grc'><strong>19</strong></span> 
     </span>
    </p>
   </div>
   <div class='ocr_carea' id='block_1_2' title="bbox 240 335 2601 421">
    <p class='ocr_par' dir='ltr' id='par_1_2' title="bbox 240 335 2601 421">
     <span class='ocr_line' id='line_1_2' title="bbox 240 335 2601 421; baseline 0 -23"><span class='ocrx_word' id='word_1_6' title='bbox 240 340 503 398; x_wconf 88' lang='lat' dir='ltr'><strong>animum</strong></span> <span class='ocrx_word' id='word_1_7' title='bbox 548 338 843 418; x_wconf 79' lang='lat' dir='ltr'><strong>planeque</strong></span> <span class='ocrx_word' id='word_1_8' title='bbox 892 337 1145 398; x_wconf 85' lang='lat' dir='ltr'><strong>conficit.</strong></span> <span class='ocrx_word' id='word_1_9' title='bbox 1239 335 1406 398; x_wconf 86' lang='lat' dir='ltr'><strong>Hanc</strong></span> <span class='ocrx_word' id='word_1_10' title='bbox 1462 338 1579 397; x_wconf 88' lang='lat' dir='ltr'><strong>nisi</strong></span> <span class='ocrx_word' id='word_1_11' title='bbox 1633 339 1909 399; x_wconf 81' lang='lat' dir='ltr'><strong>exuimus</strong></span> <span class='ocrx_word' id='word_1_12' title='bbox 1965 340 2078 419; x_wconf 88' lang='lat' dir='ltr'><strong>sic,</strong></span> <span class='ocrx_word' id='word_1_13' title='bbox 2133 347 2201 400; x_wconf 90' lang='lat' dir='ltr'><strong>ut</strong></span> <span class='ocrx_word' id='word_1_14' title='bbox 2258 336 2601 421; x_wconf 78' lang='lat' dir='ltr'><strong>abiciamuS,</strong></span> 
     </span>
    </p>
   </div>
   <div class='ocr_carea' id='block_1_3' title="bbox 239 428 1285 505">
    <p class='ocr_par' dir='ltr' id='par_1_3' title="bbox 239 428 1285 505">
     <span class='ocr_line' id='line_1_3' title="bbox 239 428 1285 505; baseline -0.001 -19"><span class='ocrx_word' id='word_1_15' title='bbox 239 428 478 486; x_wconf 90' lang='lat' dir='ltr'><strong>miseria</strong></span> <span class='ocrx_word' id='word_1_16' title='bbox 527 444 734 487; x_wconf 90' lang='lat' dir='ltr'><strong>carere</strong></span> <span class='ocrx_word' id='word_1_17' title='bbox 783 444 901 487; x_wconf 90' lang='lat' dir='ltr'><strong>non</strong></span> <span class='ocrx_word' id='word_1_18' title='bbox 945 444 1285 505; x_wconf 90' lang='lat' dir='ltr'><strong>possumus.</strong></span> 
     </span>
    </p>
   </div>
   <div class='ocr_carea' id='block_1_4' title="bbox 416 513 2686 596">
    <p class='ocr_par' dir='ltr' id='par_1_4' title="bbox 416 513 2686 596">
     <span class='ocr_line' id='line_1_4' title="bbox 416 513 2686 596; baseline 0.003 -21"><span class='ocrx_word' id='word_1_19' title='bbox 416 515 611 594; x_wconf 82' lang='lat' dir='ltr'>Atque</span> <span class='ocrx_word' id='word_1_20' title='bbox 665 514 781 576; x_wconf 93' lang='lat' dir='ltr'><strong>hoc</strong></span> <span class='ocrx_word' id='word_1_21' title='bbox 836 513 1077 595; x_wconf 90' lang='lat' dir='ltr'><strong>quidem</strong></span> <span class='ocrx_word' id='word_1_22' title='bbox 1131 516 1521 595; x_wconf 86' lang='lat' dir='ltr'><strong>perspicuum</strong></span> <span class='ocrx_word' id='word_1_23' title='bbox 1588 523 1709 596; x_wconf 87' lang='lat' dir='ltr'><strong>est,</strong></span> <span class='ocrx_word' id='word_1_24' title='bbox 1773 523 1902 577; x_wconf 88' lang='lat' dir='ltr'><strong>tum</strong></span> <span class='ocrx_word' id='word_1_25' title='bbox 1972 516 2405 595; x_wconf 82' lang='lat' dir='ltr'>aegritudinem</span> <span class='ocrx_word' id='word_1_26' title='bbox 2478 519 2597 579; x_wconf 87' lang='lat' dir='ltr'><strong>exi·</strong></span> <span class='ocrx_word' id='word_1_27' title='bbox 2619 533 2686 583; x_wconf 82' lang='grc'><strong>28</strong></span> 
     </span>
    </p>
   </div>
   <div class='ocr_carea' id='block_1_5' title="bbox 232 603 2597 1219">
    <p class='ocr_par' dir='ltr' id='par_1_5' title="bbox 232 603 2597 1219">
     <span class='ocr_line' id='line_1_5' title="bbox 237 603 2597 686; baseline 0.001 -21"><span class='ocrx_word' id='word_1_28' title='bbox 237 611 426 686; x_wconf 88' lang='lat' dir='ltr'><strong>stere,</strong></span> <span class='ocrx_word' id='word_1_29' title='bbox 474 623 611 665; x_wconf 91' lang='lat' dir='ltr'><strong>cum</strong></span> <span class='ocrx_word' id='word_1_30' title='bbox 659 603 799 684; x_wconf 90' lang='lat' dir='ltr'><strong>quid</strong></span> <span class='ocrx_word' id='word_1_31' title='bbox 846 606 929 664; x_wconf 89' lang='lat' dir='ltr'><strong>ita</strong></span> <span class='ocrx_word' id='word_1_32' title='bbox 966 605 1161 664; x_wconf 85' lang='lat' dir='ltr'><strong>visum</strong></span> <span class='ocrx_word' id='word_1_33' title='bbox 1210 606 1315 686; x_wconf 89' lang='lat' dir='ltr'><strong>sit,</strong></span> <span class='ocrx_word' id='word_1_34' title='bbox 1360 612 1429 665; x_wconf 91' lang='lat' dir='ltr'><strong>ut</strong></span> <span class='ocrx_word' id='word_1_35' title='bbox 1478 622 1756 684; x_wconf 89' lang='lat' dir='ltr'><strong>magnum</strong></span> <span class='ocrx_word' id='word_1_36' title='bbox 1795 604 2092 683; x_wconf 84' lang='lat' dir='ltr'>quoddam</span> <span class='ocrx_word' id='word_1_37' title='bbox 2131 605 2349 666; x_wconf 92' lang='lat' dir='ltr'><strong>malum</strong></span> <span class='ocrx_word' id='word_1_38' title='bbox 2388 606 2597 668; x_wconf 81' lang='lat' dir='ltr'><strong>adesse</strong></span> 
     </span>
     <span class='ocr_line' id='line_1_6' title="bbox 234 692 2597 775; baseline 0.001 -21"><span class='ocrx_word' id='word_1_39' title='bbox 234 702 296 755; x_wconf 90' lang='lat' dir='ltr'><strong>et</strong></span> <span class='ocrx_word' id='word_1_40' title='bbox 343 711 603 773; x_wconf 87' lang='lat' dir='ltr'><strong>urguere</strong></span> <span class='ocrx_word' id='word_1_41' title='bbox 651 692 938 754; x_wconf 84' lang='lat' dir='ltr'><strong>videatur.</strong></span> <span class='ocrx_word' id='word_1_42' title='bbox 1028 692 1292 774; x_wconf 91' lang='lat' dir='ltr'><strong>Epicuro</strong></span> <span class='ocrx_word' id='word_1_43' title='bbox 1340 700 1542 755; x_wconf 90' lang='lat' dir='ltr'><strong>autem</strong></span> <span class='ocrx_word' id='word_1_44' title='bbox 1596 694 1791 774; x_wconf 88' lang='lat' dir='ltr'><strong>placet</strong></span> <span class='ocrx_word' id='word_1_45' title='bbox 1837 695 2179 772; x_wconf 88' lang='lat' dir='ltr'><strong>opinionem</strong></span> <span class='ocrx_word' id='word_1_46' title='bbox 2226 694 2363 758; x_wconf 87' lang='lat' dir='ltr'><strong>mali</strong></span> <span class='ocrx_word' id='word_1_47' title='bbox 2410 698 2597 775; x_wconf 90' lang='lat' dir='ltr'><strong>aegri·</strong></span> 
     </span>
     <span class='ocr_line' id='line_1_7' title="bbox 234 782 2597 863; baseline 0.001 -20"><span class='ocrx_word' id='word_1_48' title='bbox 234 782 505 844; x_wconf 85' lang='lat' dir='ltr'><strong>tudinem</strong></span> <span class='ocrx_word' id='word_1_49' title='bbox 562 801 695 843; x_wconf 89' lang='lat' dir='ltr'><strong>esse</strong></span> <span class='ocrx_word' id='word_1_50' title='bbox 751 790 990 863; x_wconf 85' lang='lat' dir='ltr'><strong>natura,</strong></span> <span class='ocrx_word' id='word_1_51' title='bbox 1055 789 1123 843; x_wconf 89' lang='lat' dir='ltr'><strong>ut</strong></span> <span class='ocrx_word' id='word_1_52' title='bbox 1188 784 1553 862; x_wconf 87' lang='lat' dir='ltr'><strong>quicumque</strong></span> <span class='ocrx_word' id='word_1_53' title='bbox 1616 785 1920 844; x_wconf 88' lang='lat' dir='ltr'><strong>intueatur</strong></span> <span class='ocrx_word' id='word_1_54' title='bbox 1985 785 2047 844; x_wconf 92' lang='lat' dir='ltr'><strong>in</strong></span> <span class='ocrx_word' id='word_1_55' title='bbox 2112 783 2350 863; x_wconf 85' lang='lat' dir='ltr'><strong>aliquod</strong></span> <span class='ocrx_word' id='word_1_56' title='bbox 2405 788 2597 846; x_wconf 86' lang='lat' dir='ltr'><strong>maius</strong></span> 
     </span>
     <span class='ocr_line' id='line_1_8' title="bbox 232 870 2596 954; baseline 0.001 -21"><span class='ocrx_word' id='word_1_57' title='bbox 232 870 483 952; x_wconf 84' lang='lat' dir='ltr'><strong>malum,</strong></span> <span class='ocrx_word' id='word_1_58' title='bbox 540 873 591 931; x_wconf 91' lang='lat' dir='ltr'><strong>si</strong></span> <span class='ocrx_word' id='word_1_59' title='bbox 637 870 697 931; x_wconf 88' lang='lat' dir='ltr'><strong>id</strong></span> <span class='ocrx_word' id='word_1_60' title='bbox 745 870 859 932; x_wconf 88' lang='lat' dir='ltr'><strong>sibi</strong></span> <span class='ocrx_word' id='word_1_61' title='bbox 905 870 1194 932; x_wconf 89' lang='lat' dir='ltr'><strong>accidisse</strong></span> <span class='ocrx_word' id='word_1_62' title='bbox 1242 874 1550 954; x_wconf 87' lang='lat' dir='ltr'><strong>opinetur,</strong></span> <span class='ocrx_word' id='word_1_63' title='bbox 1609 874 1687 933; x_wconf 88' lang='lat' dir='ltr'><strong>sit</strong></span> <span class='ocrx_word' id='word_1_64' title='bbox 1745 873 2030 934; x_wconf 89' lang='lat' dir='ltr'><strong>continuo</strong></span> <span class='ocrx_word' id='word_1_65' title='bbox 2086 873 2147 933; x_wconf 89' lang='lat' dir='ltr'><strong>in</strong></span> <span class='ocrx_word' id='word_1_66' title='bbox 2205 873 2596 952; x_wconf 83' lang='lat' dir='ltr'><strong>aegritudine.</strong></span> 
     </span>
     <span class='ocr_line' id='line_1_9' title="bbox 235 958 2596 1043; baseline 0.001 -22"><span class='ocrx_word' id='word_1_67' title='bbox 235 958 545 1040; x_wconf 78' lang='lat' dir='ltr'><strong>Cyrenaici</strong></span> <span class='ocrx_word' id='word_1_68' title='bbox 590 978 710 1020; x_wconf 92' lang='lat' dir='ltr'><strong>non</strong></span> <span class='ocrx_word' id='word_1_69' title='bbox 758 962 921 1021; x_wconf 90' lang='lat' dir='ltr'><strong>omni</strong></span> <span class='ocrx_word' id='word_1_70' title='bbox 957 958 1110 1020; x_wconf 87' lang='lat' dir='ltr'><strong>malo</strong></span> <span class='ocrx_word' id='word_1_71' title='bbox 1149 960 1585 1039; x_wconf 83' lang='lat' dir='ltr'><strong>aegritudinem</strong></span> <span class='ocrx_word' id='word_1_72' title='bbox 1624 961 1779 1024; x_wconf 85' lang='lat' dir='ltr'><strong>effici</strong></span> <span class='ocrx_word' id='word_1_73' title='bbox 1817 968 2091 1043; x_wconf 88' lang='lat' dir='ltr'><strong>censent,</strong></span> <span class='ocrx_word' id='word_1_74' title='bbox 2139 960 2244 1023; x_wconf 89' lang='lat' dir='ltr'><strong>sed</strong></span> <span class='ocrx_word' id='word_1_75' title='bbox 2292 964 2596 1040; x_wconf 91' lang='lat' dir='ltr'><strong>insperato</strong></span> 
     </span>
     <span class='ocr_line' id='line_1_10' title="bbox 237 1048 2595 1130; baseline 0.001 -20"><span class='ocrx_word' id='word_1_76' title='bbox 237 1057 300 1110; x_wconf 85' lang='lat' dir='ltr'><strong>et</strong></span> <span class='ocrx_word' id='word_1_77' title='bbox 346 1050 699 1129; x_wconf 87' lang='lat' dir='ltr'><strong>necopinato</strong></span> <span class='ocrx_word' id='word_1_78' title='bbox 745 1048 916 1110; x_wconf 89' lang='lat' dir='ltr'><strong>malo.</strong></span> <span class='ocrx_word' id='word_1_79' title='bbox 1008 1048 1116 1111; x_wconf 89' lang='lat' dir='ltr'><strong>Est</strong></span> <span class='ocrx_word' id='word_1_80' title='bbox 1153 1049 1211 1110; x_wconf 89' lang='lat' dir='ltr'><strong>id</strong></span> <span class='ocrx_word' id='word_1_81' title='bbox 1253 1049 1496 1128; x_wconf 88' lang='lat' dir='ltr'><strong>quidem</strong></span> <span class='ocrx_word' id='word_1_82' title='bbox 1533 1068 1655 1111; x_wconf 88' lang='lat' dir='ltr'><strong>non</strong></span> <span class='ocrx_word' id='word_1_83' title='bbox 1692 1049 1993 1111; x_wconf 84' lang='lat' dir='ltr'><strong>mediocre</strong></span> <span class='ocrx_word' id='word_1_84' title='bbox 2041 1050 2112 1110; x_wconf 91' lang='lat' dir='ltr'><strong>ad</strong></span> <span class='ocrx_word' id='word_1_85' title='bbox 2161 1051 2595 1130; x_wconf 86' lang='lat' dir='ltr'><strong>aegritudinem</strong></span> 
     </span>
     <span class='ocr_line' id='line_1_11' title="bbox 233 1137 2597 1219; baseline 0 -20"><span class='ocrx_word' id='word_1_86' title='bbox 233 1137 593 1219; x_wconf 82' lang='lat' dir='ltr'><strong>augendam3</strong></span> <span class='ocrx_word' id='word_1_87' title='bbox 656 1138 934 1199; x_wconf 87' lang='lat' dir='ltr'><strong>videntur</strong></span> <span class='ocrx_word' id='word_1_88' title='bbox 991 1141 1149 1199; x_wconf 90' lang='lat' dir='ltr'><strong>enim</strong></span> <span class='ocrx_word' id='word_1_89' title='bbox 1207 1141 1404 1199; x_wconf 90' lang='lat' dir='ltr'><strong>omnia</strong></span> <span class='ocrx_word' id='word_1_90' title='bbox 1461 1141 1771 1219; x_wconf 88' lang='lat' dir='ltr'><strong>repentina</strong></span> <span class='ocrx_word' id='word_1_91' title='bbox 1828 1141 2114 1219; x_wconf 88' lang='lat' dir='ltr'><strong>graviora.</strong></span> <span class='ocrx_word' id='word_1_92' title='bbox 2205 1138 2295 1199; x_wconf 86' lang='lat' dir='ltr'><strong>Ex</strong></span> <span class='ocrx_word' id='word_1_93' title='bbox 2356 1139 2470 1200; x_wconf 91' lang='lat' dir='ltr'><strong>hoc</strong></span> <span class='ocrx_word' id='word_1_94' title='bbox 2535 1148 2597 1200; x_wconf 90' lang='lat' dir='ltr'><strong>et</strong></span> 
     </span>
    </p>
   </div>
   <div class='ocr_carea' id='block_1_6' title="bbox 39 1219 901 1288">
    <p class='ocr_par' dir='ltr' id='par_1_6' title="bbox 39 1219 901 1288">
     <span class='ocr_line' id='line_1_12' title="bbox 39 1219 901 1288; baseline -0.001 1"><span class='ocrx_word' id='word_1_95' title='bbox 39 1219 46 1230; x_wconf 65' lang='grc'><strong>“</strong></span> <span class='ocrx_word' id='word_1_96' title='bbox 117 1228 124 1234; x_wconf 83' lang='grc'><strong>’</strong></span> <span class='ocrx_word' id='word_1_97' title='bbox 231 1226 331 1288; x_wconf 92' lang='lat' dir='ltr'><strong>illa</strong></span> <span class='ocrx_word' id='word_1_98' title='bbox 377 1230 510 1288; x_wconf 91' lang='lat' dir='ltr'><strong>iure</strong></span> <span class='ocrx_word' id='word_1_99' title='bbox 556 1225 901 1288; x_wconf 86' lang='lat' dir='ltr'><strong>laudantur:</strong></span> 
     </span>
    </p>
   </div>
   <div class='ocr_carea' id='block_1_7' title="bbox 328 1323 2493 1608">
    <p class='ocr_par' dir='ltr' id='par_1_7' title="bbox 328 1323 2493 1608">
     <span class='ocr_line' id='line_1_13' title="bbox 328 1323 2282 1428; baseline -0.001 -14"><span class='ocrx_word' id='word_1_100' title='bbox 328 1323 462 1428; x_wconf 62' lang='lat' dir='ltr'><strong>Eoo</strong></span> <span class='ocrx_word' id='word_1_101' title='bbox 509 1369 647 1413; x_wconf 84' lang='lat' dir='ltr'><strong>eum</strong></span> <span class='ocrx_word' id='word_1_102' title='bbox 689 1355 903 1427; x_wconf 75' lang='lat' dir='ltr'><strong>qenai,</strong></span> <span class='ocrx_word' id='word_1_103' title='bbox 952 1351 1077 1414; x_wconf 68' lang='grc' dir='ltr'><strong>τύνη</strong></span> <span class='ocrx_word' id='word_1_104' title='bbox 1124 1356 1457 1413; x_wconf 81' lang='lat' dir='ltr'><strong>morituros</strong></span> <span class='ocrx_word' id='word_1_105' title='bbox 1502 1350 1661 1414; x_wconf 78' lang='lat' dir='ltr'><strong>scivi</strong></span> <span class='ocrx_word' id='word_1_106' title='bbox 1703 1361 1764 1415; x_wconf 85' lang='lat' dir='ltr'><strong>et</strong></span> <span class='ocrx_word' id='word_1_107' title='bbox 1808 1356 1869 1414; x_wconf 83' lang='lat' dir='ltr'><strong>ei</strong></span> <span class='ocrx_word' id='word_1_108' title='bbox 1909 1357 2009 1414; x_wconf 82' lang='lat' dir='ltr'><strong>rei</strong></span> <span class='ocrx_word' id='word_1_109' title='bbox 2050 1352 2282 1415; x_wconf 72' lang='lat' dir='ltr'><strong>sdstuli.</strong></span> 
     </span>
     <span class='ocr_line' id='line_1_14' title="bbox 336 1439 2493 1518; baseline 0.001 -18"><span class='ocrx_word' id='word_1_110' title='bbox 336 1439 677 1503; x_wconf 82' lang='lat' dir='ltr'><strong>Prae&#39;terea</strong></span> <span class='ocrx_word' id='word_1_111' title='bbox 725 1445 812 1502; x_wconf 89' lang='lat' dir='ltr'><strong>ad</strong></span> <span class='ocrx_word' id='word_1_112' title='bbox 861 1440 1105 1502; x_wconf 79' lang='lat' dir='ltr'><strong>Troidm</strong></span> <span class='ocrx_word' id='word_1_113' title='bbox 1151 1459 1290 1502; x_wconf 81' lang='lat' dir='ltr'><strong>eum</strong></span> <span class='ocrx_word' id='word_1_114' title='bbox 1336 1445 1476 1502; x_wconf 81' lang='lat' dir='ltr'><strong>misi</strong></span> <span class='ocrx_word' id='word_1_115' title='bbox 1519 1444 1594 1503; x_wconf 93' lang='lat' dir='ltr'><strong>ob</strong></span> <span class='ocrx_word' id='word_1_116' title='bbox 1641 1441 2087 1518; x_wconf 75' lang='lat' dir='ltr'><strong>defendendam</strong></span> <span class='ocrx_word' id='word_1_117' title='bbox 2139 1442 2493 1517; x_wconf 71' lang='lat' dir='ltr'><strong>Graeciam,</strong></span> 
     </span>
     <span class='ocr_line' id='line_1_15' title="bbox 329 1527 2371 1608; baseline 0.001 -17"><span class='ocrx_word' id='word_1_118' title='bbox 329 1527 563 1591; x_wconf 79' lang='lat' dir='ltr'><strong>scibam</strong></span> <span class='ocrx_word' id='word_1_119' title='bbox 609 1548 702 1591; x_wconf 89' lang='lat' dir='ltr'><strong>me</strong></span> <span class='ocrx_word' id='word_1_120' title='bbox 749 1534 813 1592; x_wconf 67' lang='lat' dir='ltr'><strong>in</strong></span> <span class='ocrx_word' id='word_1_121' title='bbox 857 1527 1243 1606; x_wconf 81' lang='lat' dir='ltr'><strong>mortiferum</strong></span> <span class='ocrx_word' id='word_1_122' title='bbox 1290 1532 1534 1605; x_wconf 83' lang='lat' dir='ltr'><strong>bellum,</strong></span> <span class='ocrx_word' id='word_1_123' title='bbox 1583 1531 1703 1593; x_wconf 84' lang='lat' dir='ltr'><strong>no&#39;n</strong></span> <span class='ocrx_word' id='word_1_124' title='bbox 1751 1535 1814 1592; x_wconf 79' lang='lat' dir='ltr'><strong>in</strong></span> <span class='ocrx_word' id='word_1_125' title='bbox 1860 1536 2072 1608; x_wconf 80' lang='lat' dir='ltr'><strong>epulas</strong></span> <span class='ocrx_word' id='word_1_126' title='bbox 2118 1529 2371 1594; x_wconf 76' lang='lat' dir='ltr'><strong>mittere.</strong></span> 
     </span>
    </p>
   </div>
   <div class='ocr_carea' id='block_1_8' title="bbox 233 1635 2684 1895">
    <p class='ocr_par' dir='ltr' id='par_1_8' title="bbox 233 1635 2684 1895">
     <span class='ocr_line' id='line_1_16' title="bbox 233 1635 2684 1725; baseline 0.001 -29"><span class='ocrx_word' id='word_1_127' title='bbox 233 1635 394 1697; x_wconf 86' lang='lat' dir='ltr'><strong>Haec</strong></span> <span class='ocrx_word' id='word_1_128' title='bbox 441 1638 624 1716; x_wconf 89' lang='lat' dir='ltr'><strong>igitur</strong></span> <span class='ocrx_word' id='word_1_129' title='bbox 670 1637 1118 1716; x_wconf 88' lang='lat' dir='ltr'><strong>praemeditatio</strong></span> <span class='ocrx_word' id='word_1_130' title='bbox 1166 1637 1508 1697; x_wconf 86' lang='lat' dir='ltr'><strong>futurorum</strong></span> <span class='ocrx_word' id='word_1_131' title='bbox 1566 1636 1853 1698; x_wconf 89' lang='lat' dir='ltr'><strong>malorum</strong></span> <span class='ocrx_word' id='word_1_132' title='bbox 1910 1636 2056 1698; x_wconf 90' lang='lat' dir='ltr'><strong>lenit</strong></span> <span class='ocrx_word' id='word_1_133' title='bbox 2112 1656 2320 1699; x_wconf 90' lang='lat' dir='ltr'><strong>eorum</strong></span> <span class='ocrx_word' id='word_1_134' title='bbox 2375 1637 2588 1698; x_wconf 86' lang='lat' dir='ltr'><strong>adven·</strong></span> <span class='ocrx_word' id='word_1_135' title='bbox 2616 1678 2684 1725; x_wconf 82' lang='lat'><strong>29</strong></span> 
     </span>
     <span class='ocr_line' id='line_1_17' title="bbox 233 1724 2579 1806; baseline 0 -20"><span class='ocrx_word' id='word_1_136' title='bbox 233 1734 391 1806; x_wconf 89' lang='lat' dir='ltr'><strong>tum,</strong></span> <span class='ocrx_word' id='word_1_137' title='bbox 447 1744 597 1804; x_wconf 91' lang='lat' dir='ltr'><strong>quae</strong></span> <span class='ocrx_word' id='word_1_138' title='bbox 645 1727 941 1786; x_wconf 88' lang='lat' dir='ltr'><strong>venientia</strong></span> <span class='ocrx_word' id='word_1_139' title='bbox 987 1725 1160 1804; x_wconf 88' lang='lat' dir='ltr'><strong>longe</strong></span> <span class='ocrx_word' id='word_1_140' title='bbox 1209 1732 1344 1786; x_wconf 80' lang='lat' dir='ltr'><strong>ante</strong></span> <span class='ocrx_word' id='word_1_141' title='bbox 1392 1725 1630 1786; x_wconf 86' lang='lat' dir='ltr'><strong>videris.</strong></span> <span class='ocrx_word' id='word_1_142' title='bbox 1719 1724 1924 1804; x_wconf 82' lang='lat' dir='ltr'><strong>Itaque</strong></span> <span class='ocrx_word' id='word_1_143' title='bbox 1972 1725 2126 1806; x_wconf 92' lang='lat' dir='ltr'><strong>apud</strong></span> <span class='ocrx_word' id='word_1_144' title='bbox 2173 1725 2498 1805; x_wconf 88' lang='lat' dir='ltr'><strong>Euripiden</strong></span> <span class='ocrx_word' id='word_1_145' title='bbox 2547 1745 2579 1786; x_wconf 91' lang='lat' dir='ltr'><strong>a</strong></span> 
     </span>
     <span class='ocr_line' id='line_1_18' title="bbox 234 1813 2595 1895; baseline 0 -20"><span class='ocrx_word' id='word_1_146' title='bbox 234 1813 470 1876; x_wconf 88' lang='lat' dir='ltr'><strong>Theseo</strong></span> <span class='ocrx_word' id='word_1_147' title='bbox 519 1813 676 1875; x_wconf 91' lang='lat' dir='ltr'><strong>dicta</strong></span> <span class='ocrx_word' id='word_1_148' title='bbox 721 1813 1063 1895; x_wconf 83' lang='lat' dir='ltr'><strong>laudantur3</strong></span> <span class='ocrx_word' id='word_1_149' title='bbox 1109 1813 1251 1875; x_wconf 88' lang='lat' dir='ltr'><strong>licet</strong></span> <span class='ocrx_word' id='word_1_150' title='bbox 1296 1816 1485 1894; x_wconf 90' lang='lat' dir='ltr'><strong>enim,</strong></span> <span class='ocrx_word' id='word_1_151' title='bbox 1542 1823 1608 1875; x_wconf 89' lang='lat' dir='ltr'><strong>ut</strong></span> <span class='ocrx_word' id='word_1_152' title='bbox 1654 1833 1828 1894; x_wconf 86' lang='lat' dir='ltr'><strong>saepe</strong></span> <span class='ocrx_word' id='word_1_153' title='bbox 1876 1815 2154 1894; x_wconf 81' lang='lat' dir='ltr'><strong>facimus,</strong></span> <span class='ocrx_word' id='word_1_154' title='bbox 2210 1819 2273 1875; x_wconf 90' lang='lat' dir='ltr'><strong>in</strong></span> <span class='ocrx_word' id='word_1_155' title='bbox 2320 1814 2595 1876; x_wconf 86' lang='lat' dir='ltr'><strong>Latinum</strong></span> 
     </span>
    </p>
   </div>
   <div class='ocr_carea' id='block_1_9' title="bbox 231 1903 757 1964">
    <p class='ocr_par' dir='ltr' id='par_1_9' title="bbox 231 1903 757 1964">
     <span class='ocr_line' id='line_1_19' title="bbox 231 1903 757 1964; baseline -0.002 0"><span class='ocrx_word' id='word_1_156' title='bbox 231 1903 331 1964; x_wconf 88' lang='lat' dir='ltr'><strong>illa</strong></span> <span class='ocrx_word' id='word_1_157' title='bbox 377 1911 757 1964; x_wconf 86' lang='lat' dir='ltr'><strong>convertere:</strong></span> 
     </span>
    </p>
   </div>
   <div class='ocr_carea' id='block_1_10' title="bbox 557 2010 2274 2264">
    <p class='ocr_par' dir='ltr' id='par_1_10' title="bbox 557 2010 2274 2264">
     <span class='ocr_line' id='line_1_20' title="bbox 557 2010 2274 2085; baseline 0.002 -16"><span class='ocrx_word' id='word_1_158' title='bbox 557 2010 713 2070; x_wconf 90' lang='lat' dir='ltr'><strong>Nam</strong></span> <span class='ocrx_word' id='word_1_159' title='bbox 760 2013 868 2084; x_wconf 80' lang='lat' dir='ltr'><strong>qui</strong></span> <span class='ocrx_word' id='word_1_160' title='bbox 910 2010 1066 2070; x_wconf 79' lang='lat' dir='ltr'><strong>hae&#39;c</strong></span> <span class='ocrx_word' id='word_1_161' title='bbox 1105 2012 1325 2070; x_wconf 80' lang='lat' dir='ltr'><strong>audita</strong></span> <span class='ocrx_word' id='word_1_162' title='bbox 1372 2029 1412 2070; x_wconf 98' lang='lat' dir='ltr'><strong>a</strong></span> <span class='ocrx_word' id='word_1_163' title='bbox 1458 2011 1636 2072; x_wconf 73' lang='lat' dir='ltr'><strong>ddcto</strong></span> <span class='ocrx_word' id='word_1_164' title='bbox 1681 2011 2078 2072; x_wconf 69' lang='lat' dir='ltr'><strong>meminissem</strong></span> <span class='ocrx_word' id='word_1_165' title='bbox 2115 2015 2274 2085; x_wconf 80' lang='lat' dir='ltr'><strong>vire,</strong></span> 
     </span>
     <span class='ocr_line' id='line_1_21' title="bbox 557 2097 1949 2173; baseline 0.001 -15"><span class='ocrx_word' id='word_1_166' title='bbox 557 2097 812 2173; x_wconf 73' lang='lat' dir='ltr'><strong>futdras</strong></span> <span class='ocrx_word' id='word_1_167' title='bbox 858 2116 1092 2160; x_wconf 81' lang='lat' dir='ltr'><strong>meeum</strong></span> <span class='ocrx_word' id='word_1_168' title='bbox 1140 2100 1596 2161; x_wconf 81' lang='lat' dir='ltr'><strong>eo&#39;mmentabar</strong></span> <span class='ocrx_word' id='word_1_169' title='bbox 1640 2097 1949 2160; x_wconf 78' lang='lat' dir='ltr'><strong>miserias:</strong></span> 
     </span>
     <span class='ocr_line' id='line_1_22' title="bbox 563 2186 2273 2264; baseline 0.001 -17"><span class='ocrx_word' id='word_1_170' title='bbox 563 2195 671 2248; x_wconf 82' lang='lat' dir='ltr'><strong>aut</strong></span> <span class='ocrx_word' id='word_1_171' title='bbox 717 2188 967 2250; x_wconf 75' lang='lat' dir='ltr'><strong>mdrtem</strong></span> <span class='ocrx_word' id='word_1_172' title='bbox 1015 2189 1306 2248; x_wconf 80' lang='lat' dir='ltr'><strong>acerbam</strong></span> <span class='ocrx_word' id='word_1_173' title='bbox 1355 2196 1466 2249; x_wconf 79' lang='lat' dir='ltr'><strong>aut</strong></span> <span class='ocrx_word' id='word_1_174' title='bbox 1511 2186 1691 2249; x_wconf 77' lang='lat' dir='ltr'><strong>e&#39;xsz&#39;li</strong></span> <span class='ocrx_word' id='word_1_175' title='bbox 1734 2187 2023 2249; x_wconf 83' lang='lat' dir='ltr'><strong>maesta&#39;m</strong></span> <span class='ocrx_word' id='word_1_176' title='bbox 2054 2188 2273 2264; x_wconf 67' lang='lat' dir='ltr'><strong>fuglam</strong></span> 
     </span>
    </p>
   </div>
   <div class='ocr_carea' id='block_1_11' title="bbox 231 2360 1369 3212">
    <p class='ocr_par' dir='ltr' id='par_1_11' title="bbox 231 2360 1369 3212">
     <span class='ocr_line' id='line_1_23' title="bbox 306 2360 1367 2430; baseline -0.001 -15"><span class='ocrx_word' id='word_1_177' title='bbox 306 2367 396 2415; x_wconf 85' lang='grc'><strong>28.</strong></span> <span class='ocrx_word' id='word_1_178' title='bbox 446 2360 760 2430; x_wconf 75' lang='lat' dir='ltr'><strong>opinionem</strong></span> <span class='ocrx_word' id='word_1_179' title='bbox 795 2361 933 2414; x_wconf 79' lang='lat' dir='ltr'><strong>mali</strong></span> <span class='ocrx_word' id='word_1_180' title='bbox 967 2362 1076 2415; x_wconf 75' lang='lat' dir='ltr'><strong>cet.</strong></span> <span class='ocrx_word' id='word_1_181' title='bbox 1149 2360 1367 2430; x_wconf 83' lang='lat' dir='ltr'><strong>Epikur</strong></span> 
     </span>
     <span class='ocr_line' id='line_1_24' title="bbox 233 2417 1364 2500; baseline -0.001 -13"><span class='ocrx_word' id='word_1_182' title='bbox 233 2432 513 2487; x_wconf 68' lang='lat' dir='ltr'><strong>erkannte</strong></span> <span class='ocrx_word' id='word_1_183' title='bbox 572 2430 662 2486; x_wconf 89' lang='lat' dir='ltr'><strong>die</strong></span> <span class='ocrx_word' id='word_1_184' title='bbox 712 2417 858 2485; x_wconf 77' lang='lat' dir='ltr'><strong>Ubel</strong></span> <span class='ocrx_word' id='word_1_185' title='bbox 915 2431 997 2486; x_wconf 81' lang='lat' dir='ltr'><strong>als</strong></span> <span class='ocrx_word' id='word_1_186' title='bbox 1053 2430 1364 2500; x_wconf 84' lang='lat' dir='ltr'><strong>wirkliche,</strong></span> 
     </span>
     <span class='ocr_line' id='line_1_25' title="bbox 231 2491 1364 2572; baseline -0.003 -13"><span class='ocrx_word' id='word_1_187' title='bbox 231 2502 394 2559; x_wconf 73' lang='lat' dir='ltr'><strong>nieht</strong></span> <span class='ocrx_word' id='word_1_188' title='bbox 446 2502 596 2556; x_wconf 82' lang='lat' dir='ltr'><strong>bloss</strong></span> <span class='ocrx_word' id='word_1_189' title='bbox 649 2501 1027 2572; x_wconf 83' lang='lat' dir='ltr'><strong>eingebildete</strong></span> <span class='ocrx_word' id='word_1_190' title='bbox 1079 2491 1226 2558; x_wconf 77' lang='lat' dir='ltr'><strong>Ubel</strong></span> <span class='ocrx_word' id='word_1_191' title='bbox 1276 2519 1364 2571; x_wconf 80' lang='lat' dir='ltr'><strong>an,</strong></span> 
     </span>
     <span class='ocr_line' id='line_1_26' title="bbox 235 2572 1365 2643; baseline -0.002 -14"><span class='ocrx_word' id='word_1_192' title='bbox 235 2574 327 2629; x_wconf 89' lang='lat' dir='ltr'><strong>die</strong></span> <span class='ocrx_word' id='word_1_193' title='bbox 364 2574 654 2643; x_wconf 70' lang='grc' dir='ltr'><strong><em>φυσικῶς,</em></strong></span> <span class='ocrx_word' id='word_1_194' title='bbox 703 2578 943 2640; x_wconf 76' lang='lat' dir='ltr'><strong>natura,</strong></span> <span class='ocrx_word' id='word_1_195' title='bbox 995 2572 1087 2635; x_wconf 66' lang='lat' dir='ltr'><strong>die</strong></span> <span class='ocrx_word' id='word_1_196' title='bbox 1123 2572 1365 2627; x_wconf 75' lang='lat' dir='ltr'><strong>Bekiim-</strong></span> 
     </span>
     <span class='ocr_line' id='line_1_27' title="bbox 233 2644 1367 2713; baseline -0.002 -14"><span class='ocrx_word' id='word_1_197' title='bbox 233 2644 446 2700; x_wconf 85' lang='lat' dir='ltr'><strong>mernis</strong></span> <span class='ocrx_word' id='word_1_198' title='bbox 465 2645 846 2700; x_wconf 85' lang='lat' dir='ltr'><strong>hervorrufen.</strong></span> <span class='ocrx_word' id='word_1_199' title='bbox 891 2645 1203 2713; x_wconf 76' lang='lat' dir='ltr'><strong>opinionem</strong></span> <span class='ocrx_word' id='word_1_200' title='bbox 1230 2644 1367 2699; x_wconf 80' lang='lat' dir='ltr'><strong>mali</strong></span> 
     </span>
     <span class='ocr_line' id='line_1_28' title="bbox 231 2713 1365 2772; baseline -0.002 -2"><span class='ocrx_word' id='word_1_201' title='bbox 231 2717 389 2772; x_wconf 62' lang='lat' dir='ltr'><strong>steht,</strong></span> <span class='ocrx_word' id='word_1_202' title='bbox 426 2716 664 2770; x_wconf 81' lang='lat' dir='ltr'><strong>doshalb</strong></span> <span class='ocrx_word' id='word_1_203' title='bbox 717 2715 877 2770; x_wconf 66' lang='lat' dir='ltr'><strong>nicht</strong></span> <span class='ocrx_word' id='word_1_204' title='bbox 920 2717 981 2769; x_wconf 90' lang='lat' dir='ltr'><strong>in</strong></span> <span class='ocrx_word' id='word_1_205' title='bbox 1026 2715 1155 2769; x_wconf 86' lang='lat' dir='ltr'><strong>dem</strong></span> <span class='ocrx_word' id='word_1_206' title='bbox 1194 2713 1365 2769; x_wconf 88' lang='lat' dir='ltr'><strong>Sinne</strong></span> 
     </span>
     <span class='ocr_line' id='line_1_29' title="bbox 232 2787 1367 2855; baseline -0.003 -12"><span class='ocrx_word' id='word_1_207' title='bbox 232 2788 341 2843; x_wconf 86' lang='lat' dir='ltr'><strong>wie</strong></span> <span class='ocrx_word' id='word_1_208' title='bbox 379 2792 411 2853; x_wconf 69' lang='grc' dir='ltr'>ξ</span> <span class='ocrx_word' id='word_1_209' title='bbox 450 2793 520 2841; x_wconf 89' lang='grc'><strong>24</strong></span> <span class='ocrx_word' id='word_1_210' title='bbox 571 2803 742 2841; x_wconf 82' lang='lat' dir='ltr'><strong>eausa</strong></span> <span class='ocrx_word' id='word_1_211' title='bbox 779 2788 953 2840; x_wconf 82' lang='lat' dir='ltr'><strong>omnis</strong></span> <span class='ocrx_word' id='word_1_212' title='bbox 990 2787 1053 2841; x_wconf 83' lang='lat' dir='ltr'><strong>in</strong></span> <span class='ocrx_word' id='word_1_213' title='bbox 1089 2787 1367 2855; x_wconf 79' lang='lat' dir='ltr'><strong>opinione,</strong></span> 
     </span>
     <span class='ocr_line' id='line_1_30' title="bbox 233 2856 1365 2928; baseline -0.002 -13"><span class='ocrx_word' id='word_1_214' title='bbox 233 2859 476 2915; x_wconf 86' lang='lat' dir='ltr'><strong>sondern</strong></span> <span class='ocrx_word' id='word_1_215' title='bbox 503 2858 562 2912; x_wconf 91' lang='lat' dir='ltr'><strong>in</strong></span> <span class='ocrx_word' id='word_1_216' title='bbox 590 2857 1076 2928; x_wconf 85' lang='lat' dir='ltr'><strong>allgemeinerem:</strong></span> <span class='ocrx_word' id='word_1_217' title='bbox 1114 2856 1206 2912; x_wconf 90' lang='lat' dir='ltr'><strong>die</strong></span> <span class='ocrx_word' id='word_1_218' title='bbox 1226 2857 1365 2913; x_wconf 85' lang='lat' dir='ltr'><strong>Vor-</strong></span> 
     </span>
     <span class='ocr_line' id='line_1_31' title="bbox 231 2926 1366 2997; baseline -0.003 -13"><span class='ocrx_word' id='word_1_219' title='bbox 231 2929 445 2986; x_wconf 81' lang='lat' dir='ltr'><strong>stellun</strong></span> <span class='ocrx_word' id='word_1_220' title='bbox 488 2971 502 2997; x_wconf 90' lang='lat'>,</span> <span class='ocrx_word' id='word_1_221' title='bbox 527 2930 629 2983; x_wconf 80' lang='lat' dir='ltr'><strong>das</strong></span> <span class='ocrx_word' id='word_1_222' title='bbox 648 2926 1019 2983; x_wconf 77' lang='lat' dir='ltr'><strong>Bewul&#39;stsein</strong></span> <span class='ocrx_word' id='word_1_223' title='bbox 1045 2945 1159 2983; x_wconf 86' lang='lat' dir='ltr'><strong>von</strong></span> <span class='ocrx_word' id='word_1_224' title='bbox 1182 2927 1366 2983; x_wconf 88' lang='lat' dir='ltr'><strong>einem</strong></span> 
     </span>
     <span class='ocr_line' id='line_1_32' title="bbox 232 2997 1365 3071; baseline -0.002 -14"><span class='ocrx_word' id='word_1_225' title='bbox 232 3001 461 3071; x_wconf 84' lang='lat' dir='ltr'><strong>Ungh’ie</strong></span> <span class='ocrx_word' id='word_1_226' title='bbox 509 3044 520 3054; x_wconf 90' lang='lat'><strong>.</strong></span> <span class='ocrx_word' id='word_1_227' title='bbox 595 3000 757 3054; x_wconf 90' lang='lat' dir='ltr'><strong>Denn</strong></span> <span class='ocrx_word' id='word_1_228' title='bbox 789 3000 933 3054; x_wconf 85' lang='lat' dir='ltr'><strong>ohne</strong></span> <span class='ocrx_word' id='word_1_229' title='bbox 962 2999 1062 3054; x_wconf 83' lang='lat' dir='ltr'><strong>das</strong></span> <span class='ocrx_word' id='word_1_230' title='bbox 1086 2997 1365 3055; x_wconf 73' lang='lat' dir='ltr'><strong>Bewufst-</strong></span> 
     </span>
     <span class='ocr_line' id='line_1_33' title="bbox 236 3070 1366 3128; baseline -0.003 0"><span class='ocrx_word' id='word_1_231' title='bbox 236 3072 361 3128; x_wconf 83' lang='lat' dir='ltr'><strong>sein</strong></span> <span class='ocrx_word' id='word_1_232' title='bbox 408 3088 523 3126; x_wconf 87' lang='lat' dir='ltr'><strong>von</strong></span> <span class='ocrx_word' id='word_1_233' title='bbox 578 3070 761 3127; x_wconf 86' lang='lat' dir='ltr'><strong>einem</strong></span> <span class='ocrx_word' id='word_1_234' title='bbox 817 3070 958 3125; x_wconf 86' lang='lat' dir='ltr'><strong>Leid</strong></span> <span class='ocrx_word' id='word_1_235' title='bbox 1013 3071 1166 3125; x_wconf 79' lang='lat' dir='ltr'><strong>kann</strong></span> <span class='ocrx_word' id='word_1_236' title='bbox 1219 3072 1366 3125; x_wconf 77' lang='lat' dir='ltr'><strong>auch</strong></span> 
     </span>
     <span class='ocr_line' id='line_1_34' title="bbox 236 3141 1369 3212; baseline -0.001 -14"><span class='ocrx_word' id='word_1_237' title='bbox 236 3142 388 3198; x_wconf 76' lang='lat' dir='ltr'><strong>nach</strong></span> <span class='ocrx_word' id='word_1_238' title='bbox 405 3143 622 3212; x_wconf 83' lang='lat' dir='ltr'><strong>Epikur</strong></span> <span class='ocrx_word' id='word_1_239' title='bbox 641 3142 732 3198; x_wconf 89' lang='lat' dir='ltr'><strong>die</strong></span> <span class='ocrx_word' id='word_1_240' title='bbox 756 3142 1179 3197; x_wconf 82' lang='lat' dir='ltr'><strong>Bekiimmernis</strong></span> <span class='ocrx_word' id='word_1_241' title='bbox 1206 3141 1369 3197; x_wconf 78' lang='lat' dir='ltr'><strong>nieht</strong></span> 
     </span>
    </p>
   </div>
   <div class='ocr_carea' id='block_1_12' title="bbox 235 3211 1415 3282">
    <p class='ocr_par' dir='ltr' id='par_1_12' title="bbox 235 3211 1415 3282">
     <span class='ocr_line' id='line_1_35' title="bbox 235 3211 1415 3282; baseline -0.003 -12"><span class='ocrx_word' id='word_1_242' title='bbox 235 3214 552 3282; x_wconf 70' lang='lat' dir='ltr'><strong>entstehen,</strong></span> <span class='ocrx_word' id='word_1_243' title='bbox 580 3214 695 3268; x_wconf 90' lang='lat' dir='ltr'><strong>und</strong></span> <span class='ocrx_word' id='word_1_244' title='bbox 726 3230 888 3269; x_wconf 86' lang='lat' dir='ltr'><strong>wenn</strong></span> <span class='ocrx_word' id='word_1_245' title='bbox 922 3211 1003 3267; x_wconf 86' lang='lat' dir='ltr'><strong>sie</strong></span> <span class='ocrx_word' id='word_1_246' title='bbox 1032 3213 1182 3267; x_wconf 81' lang='lat' dir='ltr'><strong>dann</strong></span> <span class='ocrx_word' id='word_1_247' title='bbox 1219 3212 1366 3266; x_wconf 80' lang='lat' dir='ltr'><strong>auch</strong></span> <span class='ocrx_word' id='word_1_248' title='bbox 1407 3241 1415 3249; x_wconf 93' lang='lat'><em>·</em></span> 
     </span>
    </p>
   </div>
   <div class='ocr_carea' id='block_1_13' title="bbox 231 3283 1368 4420">
    <p class='ocr_par' dir='ltr' id='par_1_13' title="bbox 231 3283 1368 3767">
     <span class='ocr_line' id='line_1_36' title="bbox 231 3283 1368 3355; baseline -0.003 -14"><span class='ocrx_word' id='word_1_249' title='bbox 231 3284 566 3354; x_wconf 72' lang='lat' dir='ltr'><strong>notwendig</strong></span> <span class='ocrx_word' id='word_1_250' title='bbox 596 3285 847 3355; x_wconf 66' lang='grc' dir='ltr'><strong>(παίωνα)</strong></span> <span class='ocrx_word' id='word_1_251' title='bbox 875 3284 1151 3351; x_wconf 76' lang='lat' dir='ltr'><strong>entsteht,</strong></span> <span class='ocrx_word' id='word_1_252' title='bbox 1189 3300 1252 3339; x_wconf 86' lang='lat' dir='ltr'><strong>so</strong></span> <span class='ocrx_word' id='word_1_253' title='bbox 1289 3283 1368 3338; x_wconf 73' lang='lat' dir='ltr'><strong>ist</strong></span> 
     </span>
     <span class='ocr_line' id='line_1_37' title="bbox 231 3353 1364 3413; baseline -0.004 -1"><span class='ocrx_word' id='word_1_254' title='bbox 231 3357 318 3413; x_wconf 79' lang='lat' dir='ltr'><strong>sie</strong></span> <span class='ocrx_word' id='word_1_255' title='bbox 371 3356 518 3410; x_wconf 89' lang='lat' dir='ltr'><strong>doch</strong></span> <span class='ocrx_word' id='word_1_256' title='bbox 569 3355 632 3410; x_wconf 81' lang='lat' dir='ltr'><strong>in</strong></span> <span class='ocrx_word' id='word_1_257' title='bbox 682 3356 782 3410; x_wconf 87' lang='lat' dir='ltr'><strong>der</strong></span> <span class='ocrx_word' id='word_1_258' title='bbox 819 3353 1042 3410; x_wconf 81' lang='lat' dir='ltr'><strong>Gewall:</strong></span> <span class='ocrx_word' id='word_1_259' title='bbox 1078 3355 1175 3410; x_wconf 88' lang='lat' dir='ltr'><strong>des</strong></span> <span class='ocrx_word' id='word_1_260' title='bbox 1212 3354 1364 3410; x_wconf 90' lang='lat' dir='ltr'><strong>Wei-</strong></span> 
     </span>
     <span class='ocr_line' id='line_1_38' title="bbox 236 3425 1363 3495; baseline -0.004 -11"><span class='ocrx_word' id='word_1_261' title='bbox 236 3445 364 3495; x_wconf 78' lang='lat' dir='ltr'><strong>sen,</strong></span> <span class='ocrx_word' id='word_1_262' title='bbox 417 3427 519 3482; x_wconf 86' lang='lat' dir='ltr'><strong>der</strong></span> <span class='ocrx_word' id='word_1_263' title='bbox 545 3427 846 3482; x_wconf 67' lang='lat' dir='ltr'><strong>dmstande</strong></span> <span class='ocrx_word' id='word_1_264' title='bbox 896 3425 1001 3493; x_wconf 78' lang='lat' dir='ltr'><strong>ist,</strong></span> <span class='ocrx_word' id='word_1_265' title='bbox 1051 3426 1204 3480; x_wconf 73' lang='lat' dir='ltr'><strong>aeine</strong></span> <span class='ocrx_word' id='word_1_266' title='bbox 1258 3425 1363 3480; x_wconf 79' lang='lat' dir='ltr'><strong>Ge-</strong></span> 
     </span>
     <span class='ocr_line' id='line_1_39' title="bbox 235 3496 1363 3555; baseline -0.003 -1"><span class='ocrx_word' id='word_1_267' title='bbox 235 3499 466 3555; x_wconf 73' lang='lat' dir='ltr'><strong>danken</strong></span> <span class='ocrx_word' id='word_1_268' title='bbox 503 3515 617 3554; x_wconf 85' lang='lat' dir='ltr'><strong>von</strong></span> <span class='ocrx_word' id='word_1_269' title='bbox 653 3498 780 3553; x_wconf 84' lang='lat' dir='ltr'><strong>dem</strong></span> <span class='ocrx_word' id='word_1_270' title='bbox 817 3496 1210 3552; x_wconf 83' lang='lat' dir='ltr'><strong>Betn&#39;ibenden</strong></span> <span class='ocrx_word' id='word_1_271' title='bbox 1253 3497 1363 3551; x_wconf 77' lang='lat' dir='ltr'><strong>los-</strong></span> 
     </span>
     <span class='ocr_line' id='line_1_40' title="bbox 234 3567 1364 3625; baseline -0.003 0"><span class='ocrx_word' id='word_1_272' title='bbox 234 3568 514 3625; x_wconf 80' lang='lat' dir='ltr'><strong>zureissen</strong></span> <span class='ocrx_word' id='word_1_273' title='bbox 563 3570 678 3624; x_wconf 86' lang='lat' dir='ltr'><strong>und</strong></span> <span class='ocrx_word' id='word_1_274' title='bbox 731 3569 851 3625; x_wconf 85' lang='lat' dir='ltr'><strong>sich</strong></span> <span class='ocrx_word' id='word_1_275' title='bbox 902 3567 1082 3623; x_wconf 84' lang='lat' dir='ltr'><strong>durch</strong></span> <span class='ocrx_word' id='word_1_276' title='bbox 1117 3568 1364 3623; x_wconf 64' lang='lat' dir='ltr'><strong>vex-effin-</strong></span> 
     </span>
     <span class='ocr_line' id='line_1_41' title="bbox 235 3627 1363 3711; baseline -0.004 -15"><span class='ocrx_word' id='word_1_277' title='bbox 235 3641 370 3711; x_wconf 84' lang='lat' dir='ltr'><strong>dige</strong></span> <span class='ocrx_word' id='word_1_278' title='bbox 396 3627 763 3711; x_wconf 71' lang='lat' dir='ltr'><strong>Uberlegung</strong></span> <span class='ocrx_word' id='word_1_279' title='bbox 799 3656 911 3695; x_wconf 86' lang='lat' dir='ltr'><strong>von</strong></span> <span class='ocrx_word' id='word_1_280' title='bbox 938 3641 1065 3701; x_wconf 84' lang='lat' dir='ltr'><strong>dem</strong></span> <span class='ocrx_word' id='word_1_281' title='bbox 1093 3640 1363 3695; x_wconf 85' lang='lat' dir='ltr'><strong>Kummer</strong></span> 
     </span>
     <span class='ocr_line' id='line_1_42' title="bbox 235 3711 614 3767; baseline 0 0"><span class='ocrx_word' id='word_1_282' title='bbox 235 3731 306 3767; x_wconf 87' lang='lat' dir='ltr'><strong>zu</strong></span> <span class='ocrx_word' id='word_1_283' title='bbox 345 3711 614 3767; x_wconf 84' lang='lat' dir='ltr'><strong>befreien.</strong></span> 
     </span>
    </p>

    <p class='ocr_par' dir='ltr' id='par_1_14' title="bbox 312 3783 1148 3853">
     <span class='ocr_line' id='line_1_43' title="bbox 312 3783 1148 3853; baseline -0.002 -16"><span class='ocrx_word' id='word_1_284' title='bbox 312 3783 623 3853; x_wconf 77' lang='lat' dir='ltr'><strong>Cyrenaici.</strong></span> <span class='ocrx_word' id='word_1_285' title='bbox 699 3783 754 3838; x_wconf 88' lang='lat' dir='ltr'><strong>S.</strong></span> <span class='ocrx_word' id='word_1_286' title='bbox 793 3802 838 3837; x_wconf 77' lang='lat' dir='ltr'><strong>z.</strong></span> <span class='ocrx_word' id='word_1_287' title='bbox 876 3783 930 3836; x_wconf 91' lang='lat' dir='ltr'>H</span> <span class='ocrx_word' id='word_1_288' title='bbox 968 3788 1027 3850; x_wconf 84' lang='lat'><strong>6,</strong></span> <span class='ocrx_word' id='word_1_289' title='bbox 1068 3786 1148 3835; x_wconf 82' lang='lat'><strong>15.</strong></span> 
     </span>
    </p>

    <p class='ocr_par' dir='ltr' id='par_1_15' title="bbox 237 3851 1363 4064">
     <span class='ocr_line' id='line_1_44' title="bbox 311 3851 1361 3919; baseline -0.003 -10"><span class='ocrx_word' id='word_1_290' title='bbox 311 3861 363 3909; x_wconf 84' lang='lat' dir='ltr'><strong>et</strong></span> <span class='ocrx_word' id='word_1_291' title='bbox 397 3855 529 3909; x_wconf 76' lang='lat' dir='ltr'><strong>illa:</strong></span> <span class='ocrx_word' id='word_1_292' title='bbox 576 3859 626 3909; x_wconf 78' lang='lat' dir='ltr'><strong>et</strong></span> <span class='ocrx_word' id='word_1_293' title='bbox 660 3855 752 3909; x_wconf 78' lang='lat' dir='ltr'><strong>fflr</strong></span> <span class='ocrx_word' id='word_1_294' title='bbox 787 3855 966 3908; x_wconf 79' lang='lat' dir='ltr'><strong>etiam.</strong></span> <span class='ocrx_word' id='word_1_295' title='bbox 1040 3851 1119 3906; x_wconf 88' lang='lat' dir='ltr'><strong>IV</strong></span> <span class='ocrx_word' id='word_1_296' title='bbox 1157 3857 1253 3919; x_wconf 87' lang='lat'><strong>34,</strong></span> <span class='ocrx_word' id='word_1_297' title='bbox 1295 3857 1361 3906; x_wconf 75' lang='lat'><strong>73</strong></span> 
     </span>
     <span class='ocr_line' id='line_1_45' title="bbox 238 3924 1363 3990; baseline -0.003 -10"><span class='ocrx_word' id='word_1_298' title='bbox 238 3926 425 3981; x_wconf 80' lang='lat' dir='ltr'><strong>Probe</strong></span> <span class='ocrx_word' id='word_1_299' title='bbox 459 3931 511 3980; x_wconf 79' lang='lat' dir='ltr'><strong>et</strong></span> <span class='ocrx_word' id='word_1_300' title='bbox 546 3926 653 3982; x_wconf 77' lang='lat' dir='ltr'><strong>ille.</strong></span> <span class='ocrx_word' id='word_1_301' title='bbox 729 3925 796 3979; x_wconf 90' lang='lat' dir='ltr'><strong>de</strong></span> <span class='ocrx_word' id='word_1_302' title='bbox 828 3924 917 3979; x_wconf 85' lang='lat' dir='ltr'><strong>off.</strong></span> <span class='ocrx_word' id='word_1_303' title='bbox 948 3925 974 3978; x_wconf 96' lang='lat' dir='ltr'>I</span> <span class='ocrx_word' id='word_1_304' title='bbox 994 3929 1081 3990; x_wconf 87' lang='lat'><strong>40,</strong></span> <span class='ocrx_word' id='word_1_305' title='bbox 1105 3927 1205 3976; x_wconf 85' lang='grc'><strong>142</strong></span> <span class='ocrx_word' id='word_1_306' title='bbox 1233 3939 1363 3978; x_wconf 84' lang='lat' dir='ltr'><strong>nam</strong></span> 
     </span>
     <span class='ocr_line' id='line_1_46' title="bbox 237 3997 1014 4064; baseline -0.006 -10"><span class='ocrx_word' id='word_1_307' title='bbox 237 4003 290 4054; x_wconf 73' lang='lat' dir='ltr'><strong>et</strong></span> <span class='ocrx_word' id='word_1_308' title='bbox 326 3998 577 4053; x_wconf 80' lang='lat' dir='ltr'><strong>ordinem</strong></span> <span class='ocrx_word' id='word_1_309' title='bbox 611 3998 693 4051; x_wconf 77' lang='lat' dir='ltr'><strong>sie</strong></span> <span class='ocrx_word' id='word_1_310' title='bbox 727 3997 1014 4064; x_wconf 69' lang='lat' dir='ltr'><strong>definiunt.</strong></span> 
     </span>
    </p>

    <p class='ocr_par' dir='ltr' id='par_1_16' title="bbox 233 4064 1367 4420">
     <span class='ocr_line' id='line_1_47' title="bbox 307 4064 1363 4139; baseline -0.004 -16"><span class='ocrx_word' id='word_1_311' title='bbox 307 4068 436 4139; x_wconf 69' lang='lat' dir='ltr'><strong>Eyo</strong></span> <span class='ocrx_word' id='word_1_312' title='bbox 471 4085 595 4123; x_wconf 76' lang='lat' dir='ltr'><strong>eum</strong></span> <span class='ocrx_word' id='word_1_313' title='bbox 629 4068 822 4138; x_wconf 65' lang='lat' dir='ltr'><strong>genui.-</strong></span> <span class='ocrx_word' id='word_1_314' title='bbox 866 4065 1040 4121; x_wconf 81' lang='lat' dir='ltr'><strong>Verse</strong></span> <span class='ocrx_word' id='word_1_315' title='bbox 1087 4082 1186 4120; x_wconf 82' lang='lat' dir='ltr'><strong>aus</strong></span> <span class='ocrx_word' id='word_1_316' title='bbox 1235 4064 1363 4120; x_wconf 89' lang='lat' dir='ltr'><strong>dem</strong></span> 
     </span>
     <span class='ocr_line' id='line_1_48' title="bbox 237 4136 1362 4205; baseline -0.003 -10"><span class='ocrx_word' id='word_1_317' title='bbox 237 4140 471 4195; x_wconf 82' lang='lat' dir='ltr'><strong>Telamo</strong></span> <span class='ocrx_word' id='word_1_318' title='bbox 529 4140 627 4193; x_wconf 87' lang='lat' dir='ltr'><strong>des</strong></span> <span class='ocrx_word' id='word_1_319' title='bbox 686 4139 923 4205; x_wconf 70' lang='lat' dir='ltr'><strong>EnniuS,</strong></span> <span class='ocrx_word' id='word_1_320' title='bbox 986 4154 1073 4191; x_wconf 82' lang='lat' dir='ltr'><strong>wo</strong></span> <span class='ocrx_word' id='word_1_321' title='bbox 1129 4136 1362 4192; x_wconf 81' lang='lat' dir='ltr'><strong>Telamo</strong></span> 
     </span>
     <span class='ocr_line' id='line_1_49' title="bbox 236 4207 1363 4271; baseline -0.004 -5"><span class='ocrx_word' id='word_1_322' title='bbox 236 4210 333 4266; x_wconf 90' lang='lat' dir='ltr'><strong>bei</strong></span> <span class='ocrx_word' id='word_1_323' title='bbox 382 4211 483 4267; x_wconf 86' lang='lat' dir='ltr'><strong>der</strong></span> <span class='ocrx_word' id='word_1_324' title='bbox 524 4209 838 4271; x_wconf 66' lang='lat' dir='ltr'><strong>Nnchrieht</strong></span> <span class='ocrx_word' id='word_1_325' title='bbox 883 4225 996 4264; x_wconf 86' lang='lat' dir='ltr'><strong>von</strong></span> <span class='ocrx_word' id='word_1_326' title='bbox 1043 4207 1170 4262; x_wconf 89' lang='lat' dir='ltr'><strong>dem</strong></span> <span class='ocrx_word' id='word_1_327' title='bbox 1209 4208 1363 4262; x_wconf 91' lang='lat' dir='ltr'><strong>Tode</strong></span> 
     </span>
     <span class='ocr_line' id='line_1_50' title="bbox 235 4278 1367 4337; baseline -0.004 0"><span class='ocrx_word' id='word_1_328' title='bbox 235 4283 423 4337; x_wconf 85' lang='lat' dir='ltr'><strong>seiner</strong></span> <span class='ocrx_word' id='word_1_329' title='bbox 487 4280 693 4336; x_wconf 87' lang='lat' dir='ltr'><strong>beiden</strong></span> <span class='ocrx_word' id='word_1_330' title='bbox 749 4280 936 4336; x_wconf 72' lang='lat' dir='ltr'><strong>Sohne</strong></span> <span class='ocrx_word' id='word_1_331' title='bbox 1004 4278 1123 4333; x_wconf 89' lang='lat' dir='ltr'><strong>sich</strong></span> <span class='ocrx_word' id='word_1_332' title='bbox 1188 4279 1367 4334; x_wconf 77' lang='lat' dir='ltr'><strong>damit</strong></span> 
     </span>
     <span class='ocr_line' id='line_1_51' title="bbox 233 4350 1367 4420; baseline -0.004 -12"><span class='ocrx_word' id='word_1_333' title='bbox 233 4355 473 4420; x_wconf 72' lang='lat' dir='ltr'><strong>trostet,</strong></span> <span class='ocrx_word' id='word_1_334' title='bbox 502 4351 629 4408; x_wconf 77' lang='lat' dir='ltr'><strong>dass</strong></span> <span class='ocrx_word' id='word_1_335' title='bbox 658 4368 719 4406; x_wconf 87' lang='lat' dir='ltr'><strong>er</strong></span> <span class='ocrx_word' id='word_1_336' title='bbox 739 4351 828 4407; x_wconf 90' lang='lat' dir='ltr'><strong>ein</strong></span> <span class='ocrx_word' id='word_1_337' title='bbox 849 4351 1069 4407; x_wconf 83' lang='lat' dir='ltr'><strong>solches</strong></span> <span class='ocrx_word' id='word_1_338' title='bbox 1090 4350 1367 4406; x_wconf 84' lang='lat' dir='ltr'><strong>Gesohick</strong></span> 
     </span>
    </p>
   </div>
   <div class='ocr_carea' id='block_1_14' title="bbox 1471 2360 2597 4467">
    <p class='ocr_par' dir='ltr' id='par_1_17' title="bbox 1472 2360 2597 2501">
     <span class='ocr_line' id='line_1_52' title="bbox 1472 2360 2597 2431; baseline 0.002 -17"><span class='ocrx_word' id='word_1_339' title='bbox 1472 2360 1672 2415; x_wconf 84' lang='lat' dir='ltr'><strong>immer</strong></span> <span class='ocrx_word' id='word_1_340' title='bbox 1717 2361 1804 2415; x_wconf 80' lang='lat' dir='ltr'><strong>als</strong></span> <span class='ocrx_word' id='word_1_341' title='bbox 1850 2360 2100 2430; x_wconf 79' lang='lat' dir='ltr'><strong>moglieh</strong></span> <span class='ocrx_word' id='word_1_342' title='bbox 2145 2363 2597 2431; x_wconf 79' lang='lat' dir='ltr'><strong>vorausgesehen</strong></span> 
     </span>
     <span class='ocr_line' id='line_1_53' title="bbox 1473 2432 2104 2501; baseline 0.003 -16"><span class='ocrx_word' id='word_1_343' title='bbox 1473 2432 1637 2487; x_wconf 78' lang='lat' dir='ltr'><strong>habe.</strong></span> <span class='ocrx_word' id='word_1_344' title='bbox 1711 2433 1839 2501; x_wconf 86' lang='lat' dir='ltr'><strong>Vgl.</strong></span> <span class='ocrx_word' id='word_1_345' title='bbox 1880 2438 1980 2500; x_wconf 90' lang='grc'><strong>24,</strong></span> <span class='ocrx_word' id='word_1_346' title='bbox 2020 2438 2104 2487; x_wconf 81' lang='grc'><strong>53.</strong></span> 
     </span>
    </p>

    <p class='ocr_par' dir='ltr' id='par_1_18' title="bbox 1474 2502 2596 2629">
     <span class='ocr_line' id='line_1_54' title="bbox 1546 2502 2596 2574; baseline -0.001 -17"><span class='ocrx_word' id='word_1_347' title='bbox 1546 2504 1597 2557; x_wconf 82' lang='lat' dir='ltr'><strong>ei</strong></span> <span class='ocrx_word' id='word_1_348' title='bbox 1621 2504 1728 2570; x_wconf 81' lang='lat' dir='ltr'><strong>rei,</strong></span> <span class='ocrx_word' id='word_1_349' title='bbox 1763 2504 1929 2558; x_wconf 86' lang='lat' dir='ltr'><strong>beide</strong></span> <span class='ocrx_word' id='word_1_350' title='bbox 1951 2502 2149 2560; x_wconf 74' lang='lat' dir='ltr'><strong>Worte</strong></span> <span class='ocrx_word' id='word_1_351' title='bbox 2178 2503 2303 2558; x_wconf 84' lang='lat' dir='ltr'><strong>sind</strong></span> <span class='ocrx_word' id='word_1_352' title='bbox 2332 2502 2596 2574; x_wconf 86' lang='lat' dir='ltr'><strong>einsilbig</strong></span> 
     </span>
     <span class='ocr_line' id='line_1_55' title="bbox 1474 2574 1746 2629; baseline 0.007 -2"><span class='ocrx_word' id='word_1_353' title='bbox 1474 2592 1542 2627; x_wconf 87' lang='lat' dir='ltr'><strong>zu</strong></span> <span class='ocrx_word' id='word_1_354' title='bbox 1576 2574 1746 2629; x_wconf 86' lang='lat' dir='ltr'><strong>lesen.</strong></span> 
     </span>
    </p>

    <p class='ocr_par' dir='ltr' id='par_1_19' title="bbox 1544 2646 2238 2712">
     <span class='ocr_line' id='line_1_56' title="bbox 1544 2646 2238 2712; baseline 0.003 -14"><span class='ocrx_word' id='word_1_355' title='bbox 1544 2646 1771 2710; x_wconf 79' lang='lat' dir='ltr'><strong>sustuli,</strong></span> <span class='ocrx_word' id='word_1_356' title='bbox 1810 2664 1849 2700; x_wconf 88' lang='lat' dir='ltr'><strong>s.</strong></span> <span class='ocrx_word' id='word_1_357' title='bbox 1890 2663 1934 2699; x_wconf 89' lang='lat' dir='ltr'><strong>z.</strong></span> <span class='ocrx_word' id='word_1_358' title='bbox 1972 2646 2050 2699; x_wconf 95' lang='lat' dir='ltr'><strong>III</strong></span> <span class='ocrx_word' id='word_1_359' title='bbox 2093 2652 2150 2712; x_wconf 89' lang='lat'><strong>1,</strong></span> <span class='ocrx_word' id='word_1_360' title='bbox 2188 2651 2238 2701; x_wconf 85' lang='grc'><strong>2.</strong></span> 
     </span>
    </p>

    <p class='ocr_par' dir='ltr' id='par_1_20' title="bbox 1473 2715 2596 2984">
     <span class='ocr_line' id='line_1_57' title="bbox 1545 2715 2595 2784; baseline 0.002 -14"><span class='ocrx_word' id='word_1_361' title='bbox 1545 2716 1610 2770; x_wconf 89' lang='lat' dir='ltr'><strong>ob</strong></span> <span class='ocrx_word' id='word_1_362' title='bbox 1648 2717 2042 2784; x_wconf 79' lang='lat' dir='ltr'><strong>defendendam</strong></span> <span class='ocrx_word' id='word_1_363' title='bbox 2074 2715 2172 2770; x_wconf 81' lang='lat' dir='ltr'><strong>Gr.</strong></span> <span class='ocrx_word' id='word_1_364' title='bbox 2206 2742 2274 2763; x_wconf 84' lang='lat'><strong>==</strong></span> <span class='ocrx_word' id='word_1_365' title='bbox 2302 2718 2378 2772; x_wconf 87' lang='lat' dir='ltr'><strong>ad</strong></span> <span class='ocrx_word' id='word_1_366' title='bbox 2412 2717 2595 2782; x_wconf 82' lang='lat' dir='ltr'><strong>defen·</strong></span> 
     </span>
     <span class='ocr_line' id='line_1_58' title="bbox 1473 2786 2595 2857; baseline 0.001 -15"><span class='ocrx_word' id='word_1_367' title='bbox 1473 2788 1709 2842; x_wconf 86' lang='lat' dir='ltr'><strong>dendam</strong></span> <span class='ocrx_word' id='word_1_368' title='bbox 1759 2786 1857 2842; x_wconf 77' lang='lat' dir='ltr'><strong>Gr.</strong></span> <span class='ocrx_word' id='word_1_369' title='bbox 1912 2786 2045 2842; x_wconf 84' lang='lat' dir='ltr'><strong>Sall.</strong></span> <span class='ocrx_word' id='word_1_370' title='bbox 2095 2788 2221 2857; x_wconf 84' lang='lat' dir='ltr'><strong>Jug.</strong></span> <span class='ocrx_word' id='word_1_371' title='bbox 2276 2793 2343 2842; x_wconf 86' lang='grc'><strong>89</strong></span> <span class='ocrx_word' id='word_1_372' title='bbox 2395 2789 2595 2843; x_wconf 68' lang='lat' dir='ltr'><strong>ewistu—</strong></span> 
     </span>
     <span class='ocr_line' id='line_1_59' title="bbox 1473 2859 2596 2928; baseline 0.002 -17"><span class='ocrx_word' id='word_1_373' title='bbox 1473 2874 1633 2912; x_wconf 85' lang='lat' dir='ltr'><strong>mans</strong></span> <span class='ocrx_word' id='word_1_374' title='bbox 1670 2859 2005 2928; x_wconf 74' lang='lat' dir='ltr'><strong>Iuyurtham</strong></span> <span class='ocrx_word' id='word_1_375' title='bbox 2050 2859 2117 2913; x_wconf 91' lang='lat' dir='ltr'><strong>ob</strong></span> <span class='ocrx_word' id='word_1_376' title='bbox 2162 2875 2290 2914; x_wconf 79' lang='lat' dir='ltr'><strong>suos</strong></span> <span class='ocrx_word' id='word_1_377' title='bbox 2335 2861 2596 2914; x_wconf 77' lang='lat' dir='ltr'><strong>tutandos</strong></span> 
     </span>
     <span class='ocr_line' id='line_1_60' title="bbox 1475 2935 1886 2984; baseline 0 0"><span class='ocrx_word' id='word_1_378' title='bbox 1475 2960 1543 2970; x_wconf 89' lang='lat'>—</span> <span class='ocrx_word' id='word_1_379' title='bbox 1581 2935 1886 2984; x_wconf 72' lang='lat' dir='ltr'><strong>ventwmm.</strong></span> 
     </span>
    </p>

    <p class='ocr_par' dir='ltr' id='par_1_21' title="bbox 1476 2999 2597 3213">
     <span class='ocr_line' id='line_1_61' title="bbox 1546 2999 2597 3068; baseline 0 -14"><span class='ocrx_word' id='word_1_380' title='bbox 1546 3000 1687 3068; x_wconf 68' lang='grc' dir='ltr'><strong>Καρ.</strong></span> <span class='ocrx_word' id='word_1_381' title='bbox 1727 2999 1824 3056; x_wconf 81' lang='lat'><strong>14.</strong></span> <span class='ocrx_word' id='word_1_382' title='bbox 1900 3006 1986 3055; x_wconf 86' lang='grc'><strong>29.</strong></span> <span class='ocrx_word' id='word_1_383' title='bbox 2026 3001 2149 3056; x_wconf 80' lang='lat' dir='ltr'><strong>licet</strong></span> <span class='ocrx_word' id='word_1_384' title='bbox 2183 3003 2342 3056; x_wconf 82' lang='lat' dir='ltr'><strong>enim.</strong></span> <span class='ocrx_word' id='word_1_385' title='bbox 2418 3000 2494 3056; x_wconf 83' lang='lat' dir='ltr'><strong>Es</strong></span> <span class='ocrx_word' id='word_1_386' title='bbox 2520 3001 2597 3055; x_wconf 73' lang='lat' dir='ltr'><strong>ist</strong></span> 
     </span>
     <span class='ocr_line' id='line_1_62' title="bbox 1476 3071 2593 3143; baseline 0 -18"><span class='ocrx_word' id='word_1_387' title='bbox 1476 3072 1568 3125; x_wconf 88' lang='lat' dir='ltr'><strong>ein</strong></span> <span class='ocrx_word' id='word_1_388' title='bbox 1606 3071 1876 3126; x_wconf 81' lang='lat' dir='ltr'><strong>Gedanke</strong></span> <span class='ocrx_word' id='word_1_389' title='bbox 1923 3071 2127 3127; x_wconf 80' lang='lat' dir='ltr'><strong>vorher</strong></span> <span class='ocrx_word' id='word_1_390' title='bbox 2179 3091 2249 3126; x_wconf 84' lang='lat' dir='ltr'><strong>zu</strong></span> <span class='ocrx_word' id='word_1_391' title='bbox 2304 3078 2593 3143; x_wconf 63' lang='lat' dir='ltr'><strong>ergitnzen.</strong></span> 
     </span>
     <span class='ocr_line' id='line_1_63' title="bbox 1478 3143 2128 3213; baseline -0.002 -15"><span class='ocrx_word' id='word_1_392' title='bbox 1478 3143 1530 3198; x_wconf 88' lang='lat' dir='ltr'><strong>S.</strong></span> <span class='ocrx_word' id='word_1_393' title='bbox 1569 3162 1613 3196; x_wconf 86' lang='lat' dir='ltr'><strong>z.</strong></span> <span class='ocrx_word' id='word_1_394' title='bbox 1654 3150 1709 3210; x_wconf 82' lang='lat'><strong>7,</strong></span> <span class='ocrx_word' id='word_1_395' title='bbox 1753 3149 1819 3197; x_wconf 90' lang='grc'><strong>14</strong></span> <span class='ocrx_word' id='word_1_396' title='bbox 1854 3144 2128 3213; x_wconf 78' lang='lat' dir='ltr'><strong>quoniam.</strong></span> 
     </span>
    </p>

    <p class='ocr_par' dir='ltr' id='par_1_22' title="bbox 1473 3212 2595 3425">
     <span class='ocr_line' id='line_1_64' title="bbox 1544 3212 2593 3284; baseline -0.004 -15"><span class='ocrx_word' id='word_1_397' title='bbox 1544 3231 1676 3269; x_wconf 82' lang='lat' dir='ltr'><strong>nam</strong></span> <span class='ocrx_word' id='word_1_398' title='bbox 1701 3216 1800 3284; x_wconf 73' lang='lat' dir='ltr'><strong>qui</strong></span> <span class='ocrx_word' id='word_1_399' title='bbox 1827 3216 1932 3269; x_wconf 75' lang='lat' dir='ltr'><strong>eet.</strong></span> <span class='ocrx_word' id='word_1_400' title='bbox 1979 3214 2095 3268; x_wconf 83' lang='lat' dir='ltr'><strong>Ans</strong></span> <span class='ocrx_word' id='word_1_401' title='bbox 2113 3212 2425 3282; x_wconf 83' lang='lat' dir='ltr'><strong>Euripidee’</strong></span> <span class='ocrx_word' id='word_1_402' title='bbox 2448 3212 2593 3266; x_wconf 86' lang='lat' dir='ltr'><strong>The-</strong></span> 
     </span>
     <span class='ocr_line' id='line_1_65' title="bbox 1473 3284 2155 3355; baseline 0 -16"><span class='ocrx_word' id='word_1_403' title='bbox 1473 3301 1597 3341; x_wconf 85' lang='lat' dir='ltr'><strong>seus</strong></span> <span class='ocrx_word' id='word_1_404' title='bbox 1636 3286 1725 3355; x_wconf 85' lang='lat' dir='ltr'><strong>(fr.</strong></span> <span class='ocrx_word' id='word_1_405' title='bbox 1764 3292 1868 3341; x_wconf 81' lang='grc'><strong>392</strong></span> <span class='ocrx_word' id='word_1_406' title='bbox 1905 3284 2155 3354; x_wconf 81' lang='lat' dir='ltr'><strong>Nauek):</strong></span> 
     </span>
     <span class='ocr_line' id='line_1_66' title="bbox 1476 3351 2595 3425; baseline -0.001 -14"><span class='ocrx_word' id='word_1_407' title='bbox 1476 3351 1584 3425; x_wconf 68' lang='grc' dir='ltr'><strong>ἐγώ</strong></span> <span class='ocrx_word' id='word_1_408' title='bbox 1643 3356 1707 3412; x_wconf 73' lang='grc' dir='ltr'><strong>δὲ</strong></span> <span class='ocrx_word' id='word_1_409' title='bbox 1766 3356 1932 3411; x_wconf 77' lang='grc' dir='ltr'><strong><em>τοῦτο</em></strong></span> <span class='ocrx_word' id='word_1_410' title='bbox 1988 3351 2142 3425; x_wconf 79' lang='grc' dir='ltr'><strong>παρὰ</strong></span> <span class='ocrx_word' id='word_1_411' title='bbox 2203 3354 2384 3423; x_wconf 79' lang='grc' dir='ltr'><strong><em>σοφοῦ</em></strong></span> <span class='ocrx_word' id='word_1_412' title='bbox 2442 3374 2595 3418; x_wconf 82' lang='grc' dir='ltr'><strong><em>τινος</em></strong></span> 
     </span>
    </p>

    <p class='ocr_par' dir='ltr' id='par_1_23' title="bbox 1471 3421 2594 4467">
     <span class='ocr_line' id='line_1_67' title="bbox 2220 3421 2429 3495; baseline 0.005 -16"><span class='ocrx_word' id='word_1_413' title='bbox 2220 3421 2429 3495; x_wconf 72' lang='grc' dir='ltr'><strong><em>μαθών</em></strong></span> 
     </span>
     <span class='ocr_line' id='line_1_68' title="bbox 1475 3492 2589 3567; baseline -0.002 -15"><span class='ocrx_word' id='word_1_414' title='bbox 1475 3495 1560 3560; x_wconf 76' lang='grc' dir='ltr'><strong>εἰς</strong></span> <span class='ocrx_word' id='word_1_415' title='bbox 1623 3499 1930 3566; x_wconf 79' lang='grc' dir='ltr'><strong><em>φροντίδας</em></strong></span> <span class='ocrx_word' id='word_1_416' title='bbox 1984 3496 2127 3552; x_wconf 81' lang='grc' dir='ltr'><strong><em>νοῦν</em></strong></span> <span class='ocrx_word' id='word_1_417' title='bbox 2190 3493 2484 3567; x_wconf 78' lang='grc' dir='ltr'><em>συμφοράς</em></span> <span class='ocrx_word' id='word_1_418' title='bbox 2537 3492 2589 3550; x_wconf 80' lang='grc' dir='ltr'><strong>τ’</strong></span> 
     </span>
     <span class='ocr_line' id='line_1_69' title="bbox 2221 3563 2552 3639; baseline -0.003 -16"><span class='ocrx_word' id='word_1_419' title='bbox 2221 3563 2552 3639; x_wconf 69' lang='grc' dir='ltr'><strong><em>ἐβαλλόμην,</em></strong></span> 
     </span>
     <span class='ocr_line' id='line_1_70' title="bbox 1473 3634 2593 3713; baseline -0.001 -19"><span class='ocrx_word' id='word_1_420' title='bbox 1473 3637 1663 3710; x_wconf 75' lang='grc' dir='ltr'><em>φυγάς</em></span> <span class='ocrx_word' id='word_1_421' title='bbox 1715 3634 1770 3693; x_wconf 86' lang='grc' dir='ltr'><strong>τ’</strong></span> <span class='ocrx_word' id='word_1_422' title='bbox 1830 3634 2054 3713; x_wconf 72' lang='grc' dir='ltr'><strong><em>ἐμαυτῷ</em></strong></span> <span class='ocrx_word' id='word_1_423' title='bbox 2111 3638 2436 3709; x_wconf 76' lang='grc' dir='ltr'><strong><em>προςτιθεὶς</em></strong></span> <span class='ocrx_word' id='word_1_424' title='bbox 2484 3637 2593 3694; x_wconf 77' lang='grc' dir='ltr'><strong>πά-</strong></span> 
     </span>
     <span class='ocr_line' id='line_1_71' title="bbox 1618 3707 2531 3797; baseline -0.001 -17"><span class='ocrx_word' id='word_1_425' title='bbox 1618 3776 1631 3795; x_wconf 84' lang='grc'><strong><em>,</em></strong></span> <span class='ocrx_word' id='word_1_426' title='bbox 1839 3776 1856 3797; x_wconf 85' lang='grc'><strong><em>,</em></strong></span> <span class='ocrx_word' id='word_1_427' title='bbox 2218 3731 2354 3780; x_wconf 72' lang='grc' dir='ltr'><strong><em>τροις</em></strong></span> <span class='ocrx_word' id='word_1_428' title='bbox 2393 3707 2531 3779; x_wconf 66' lang='grc' dir='ltr'><strong><em>ἐμῆς</em></strong></span> 
     </span>
     <span class='ocr_line' id='line_1_72' title="bbox 1471 3777 2593 3852; baseline -0.001 -16"><span class='ocrx_word' id='word_1_429' title='bbox 1471 3784 1768 3844; x_wconf 64' lang='lat' dir='ltr'><strong>&amp;aramve</strong></span> <span class='ocrx_word' id='word_1_430' title='bbox 1803 3802 1833 3834; x_wconf 87' lang='grc' dir='ltr'><strong><em>τ</em></strong></span> <span class='ocrx_word' id='word_1_431' title='bbox 1898 3777 2123 3852; x_wconf 77' lang='grc' dir='ltr'><em>ἀώρους</em></span> <span class='ocrx_word' id='word_1_432' title='bbox 2148 3782 2248 3837; x_wconf 80' lang='grc' dir='ltr'><strong>καὶ</strong></span> <span class='ocrx_word' id='word_1_433' title='bbox 2274 3783 2469 3837; x_wconf 78' lang='grc' dir='ltr'><strong><em>κακῶν</em></strong></span> <span class='ocrx_word' id='word_1_434' title='bbox 2496 3777 2593 3835; x_wconf 79' lang='grc' dir='ltr'><strong>ἅλ-</strong></span> 
     </span>
     <span class='ocr_line' id='line_1_73' title="bbox 2218 3848 2542 3920; baseline -0.009 -11"><span class='ocrx_word' id='word_1_435' title='bbox 2218 3858 2319 3915; x_wconf 82' lang='grc' dir='ltr'><em>λοις</em></span> <span class='ocrx_word' id='word_1_436' title='bbox 2354 3848 2542 3920; x_wconf 78' lang='grc' dir='ltr'><em>ὁδούς,</em></span> 
     </span>
     <span class='ocr_line' id='line_1_74' title="bbox 1473 3915 2592 3996; baseline 0.001 -19"><span class='ocrx_word' id='word_1_437' title='bbox 1473 3919 1567 3991; x_wconf 75' lang='grc' dir='ltr'><strong>ὥς,</strong></span> <span class='ocrx_word' id='word_1_438' title='bbox 1586 3924 1712 3978; x_wconf 79' lang='grc' dir='ltr'><strong><em>εἴτι</em></strong></span> <span class='ocrx_word' id='word_1_439' title='bbox 1729 3919 1990 3996; x_wconf 57' lang='lat' dir='ltr'><strong>adololfi?</strong></span> <span class='ocrx_word' id='word_1_440' title='bbox 2010 3915 2091 3980; x_wconf 72' lang='grc' dir='ltr'><strong>ὧν</strong></span> <span class='ocrx_word' id='word_1_441' title='bbox 2114 3920 2388 3990; x_wconf 71' lang='grc' dir='ltr'><strong><em>ἐδόξαζον</em></strong></span> <span class='ocrx_word' id='word_1_442' title='bbox 2407 3926 2592 3993; x_wconf 78' lang='grc' dir='ltr'><strong><em>φρενί,</em></strong></span> 
     </span>
     <span class='ocr_line' id='line_1_75' title="bbox 1472 3991 2592 4122; baseline 0.001 -73"><span class='ocrx_word' id='word_1_443' title='bbox 1472 3991 1547 4065; x_wconf 85' lang='grc' dir='ltr'><strong>μή</strong></span> <span class='ocrx_word' id='word_1_444' title='bbox 1603 4015 1699 4064; x_wconf 83' lang='grc' dir='ltr'><strong>μοι</strong></span> <span class='ocrx_word' id='word_1_445' title='bbox 1751 3995 1960 4064; x_wconf 68' lang='grc' dir='ltr'><strong><em>νεωρὲς</em></strong></span> <span class='ocrx_word' id='word_1_446' title='bbox 2018 3992 2333 4122; x_wconf 58' lang='grc' dir='ltr'><strong>προςπεὲῥν</strong></span> <span class='ocrx_word' id='word_1_447' title='bbox 2384 3995 2592 4065; x_wconf 75' lang='grc' dir='ltr'><strong><em>μᾶλλον</em></strong></span> 
     </span>
     <span class='ocr_line' id='line_1_76' title="bbox 2255 4086 2403 4121; baseline 0.007 -1"><span class='ocrx_word' id='word_1_448' title='bbox 2255 4086 2403 4121; x_wconf 50' lang='lat' dir='ltr'><strong>auom</strong></span> 
     </span>
     <span class='ocr_line' id='line_1_77' title="bbox 1475 4136 2594 4193; baseline -0.001 -1"><span class='ocrx_word' id='word_1_449' title='bbox 1475 4136 1588 4192; x_wconf 80' lang='lat' dir='ltr'><strong>cic.</strong></span> <span class='ocrx_word' id='word_1_450' title='bbox 1618 4138 1722 4192; x_wconf 73' lang='lat' dir='ltr'><strong>hat</strong></span> <span class='ocrx_word' id='word_1_451' title='bbox 1750 4138 1841 4193; x_wconf 93' lang='lat' dir='ltr'><strong>die</strong></span> <span class='ocrx_word' id='word_1_452' title='bbox 1871 4137 2046 4193; x_wconf 75' lang='lat' dir='ltr'><strong>Stelle</strong></span> <span class='ocrx_word' id='word_1_453' title='bbox 2074 4154 2174 4192; x_wconf 79' lang='lat' dir='ltr'><strong>aus</strong></span> <span class='ocrx_word' id='word_1_454' title='bbox 2203 4139 2356 4193; x_wconf 86' lang='lat' dir='ltr'><strong>einer</strong></span> <span class='ocrx_word' id='word_1_455' title='bbox 2385 4137 2594 4192; x_wconf 77' lang='lat' dir='ltr'><strong>Schrifl:</strong></span> 
     </span>
     <span class='ocr_line' id='line_1_78' title="bbox 1475 4208 2592 4280; baseline 0 -17"><span class='ocrx_word' id='word_1_456' title='bbox 1475 4209 1573 4264; x_wconf 82' lang='lat' dir='ltr'><strong>des</strong></span> <span class='ocrx_word' id='word_1_457' title='bbox 1602 4208 1945 4280; x_wconf 79' lang='lat' dir='ltr'><strong>Chrysippus</strong></span> <span class='ocrx_word' id='word_1_458' title='bbox 1973 4212 2346 4264; x_wconf 78' lang='lat' dir='ltr'><strong>entnommen.</strong></span> <span class='ocrx_word' id='word_1_459' title='bbox 2401 4210 2453 4263; x_wconf 83' lang='lat' dir='ltr'><strong>S.</strong></span> <span class='ocrx_word' id='word_1_460' title='bbox 2484 4209 2592 4263; x_wconf 81' lang='lat' dir='ltr'><strong>Ga-</strong></span> 
     </span>
     <span class='ocr_line' id='line_1_79' title="bbox 1474 4278 2590 4351; baseline 0.001 -17"><span class='ocrx_word' id='word_1_461' title='bbox 1474 4281 1569 4335; x_wconf 91' lang='lat' dir='ltr'><strong>len</strong></span> <span class='ocrx_word' id='word_1_462' title='bbox 1605 4281 1674 4336; x_wconf 88' lang='lat' dir='ltr'><strong>de</strong></span> <span class='ocrx_word' id='word_1_463' title='bbox 1711 4281 1899 4351; x_wconf 87' lang='lat' dir='ltr'><strong>dogm.</strong></span> <span class='ocrx_word' id='word_1_464' title='bbox 1935 4280 2103 4351; x_wconf 86' lang='lat' dir='ltr'><strong>Hipp.</strong></span> <span class='ocrx_word' id='word_1_465' title='bbox 2143 4283 2203 4335; x_wconf 75' lang='lat' dir='ltr'><strong>et</strong></span> <span class='ocrx_word' id='word_1_466' title='bbox 2236 4280 2381 4335; x_wconf 76' lang='lat' dir='ltr'><strong>Plat.</strong></span> <span class='ocrx_word' id='word_1_467' title='bbox 2421 4278 2500 4333; x_wconf 90' lang='lat' dir='ltr'><strong>IV</strong></span> <span class='ocrx_word' id='word_1_468' title='bbox 2535 4297 2590 4348; x_wconf 89' lang='lat' dir='ltr'><strong>p.</strong></span> 
     </span>
     <span class='ocr_line' id='line_1_80' title="bbox 1475 4351 2383 4421; baseline 0 -15"><span class='ocrx_word' id='word_1_469' title='bbox 1475 4358 1580 4408; x_wconf 81' lang='lat'><strong>418</strong></span> <span class='ocrx_word' id='word_1_470' title='bbox 1621 4351 1804 4406; x_wconf 78' lang='lat' dir='ltr'><strong>Kfihn.</strong></span> <span class='ocrx_word' id='word_1_471' title='bbox 1880 4351 2007 4421; x_wconf 82' lang='lat' dir='ltr'><strong>Vgl.</strong></span> <span class='ocrx_word' id='word_1_472' title='bbox 2045 4351 2190 4407; x_wconf 86' lang='lat' dir='ltr'><strong>Einl.</strong></span> <span class='ocrx_word' id='word_1_473' title='bbox 2231 4356 2261 4417; x_wconf 68' lang='grc' dir='ltr'><strong>ξ</strong></span> <span class='ocrx_word' id='word_1_474' title='bbox 2298 4357 2383 4406; x_wconf 87' lang='grc'><strong>29.</strong></span> 
     </span>
     <span class='ocr_line' id='line_1_81' title="bbox 2137 4441 2162 4467; baseline 0 -5"><span class='ocrx_word' id='word_1_475' title='bbox 2137 4441 2162 4467; x_wconf 63' lang='lat'><strong>23</strong></span> 
     </span>
    </p>
   </div>
   <div class='ocr_carea' id='block_1_15' title="bbox 2096 4446 2127 4493">
    <p class='ocr_par' dir='ltr' id='par_1_24' title="bbox 2096 4446 2127 4493">
     <span class='ocr_line' id='line_1_82' title="bbox 2096 4446 2127 4493; baseline 0 0"><span class='ocrx_word' id='word_1_476' title='bbox 2096 4446 2127 4493; x_wconf 77' lang='lat'><em>2</em></span> 
     </span>
    </p>
   </div>
   <div class='ocr_carea' id='block_1_16' title="bbox 2622 1600 2704 1662">
    <p class='ocr_par' dir='ltr' id='par_1_25' title="bbox 2622 1600 2704 1662">
     <span class='ocr_line' id='line_1_83' title="bbox 2622 1600 2704 1662; baseline 0.012 -1"><span class='ocrx_word' id='word_1_477' title='bbox 2622 1600 2704 1662; x_wconf 89' lang='grc'><strong>14</strong></span> 
     </span>
    </p>
   </div>
  </div>
 </body>
</html>
