2902 4649
465 163 1071 220 TUSCULANARUM
1107 164 1721 222 DISPUTATIONUM
1758 166 1824 221 V.
1865 173 2165 223 116—120.

2376 168 2503 232 155

31 407 32 410 Ἴ
140 316 381 395 fruatur
428 331 642 410 aliquis
687 333 913 411 pariter
962 350 1100 392 cum
1146 331 1275 392 aliis
1320 330 1622 410 voluptate
1668 332 1911 412 potandi
1958 343 2084 412 aut,
2140 351 2215 393 ne
2265 334 2502 396 sobrius

138 426 203 485 in
268 420 608 483 violentiam
671 419 1116 481 vinulentorum
1181 419 1426 500 incidat,
1503 429 1640 480 ante
1708 421 1986 482 discedat.

2091 420 2189 481 Sic
2253 424 2502 484 iniurias

140 512 447 589 fortunae,
505 526 651 588 quas
698 509 858 569 serre
905 527 1196 588 nequeas,
1251 507 1609 587 defugiendo
1658 508 1978 589 relinquas
2069 510 2228 570 Haec
2278 511 2502 591 eadem,

140 618 294 680 quae
340 597 658 677 EpicuruS,
705 597 951 658 totidem
999 596 1199 659 verbis
1245 597 1390 657 dicit
1434 596 1849 677 Hieronymus,

324 685 498 759 Quod
549 687 600 746 si
645 687 689 746 ii
733 684 1091 766 philosophi,
1109 704 1123 733 ·-
1139 704 1393 766 quorum
1443 703 1514 746 ea
1561 689 1854 747 sententia
1901 695 2010 766 est,
2057 697 2126 748 ut
2162 690 2352 749 virtus
2393 702 2609 768 perne

140 796 207 840 se
261 778 393 855 ipsa
438 773 587 835 nihil
642 773 856 854 valeat,
922 793 1243 856 omneque,
1308 775 1470 854 quod
1524 774 1843 836 honestum
1909 793 2019 836 nos
2088 784 2147 838 et
2212 775 2503 838 laudabile

138 884 276 928 esse
326 864 607 943 dicimuS,
661 862 723 923 id
781 862 867 925 illi
923 882 1159 925 cassum
1215 862 1496 942 quiddam
1546 870 1605 922 et
1651 865 1814 924 inani
1859 866 2022 925 vocis
2068 882 2215 925 sono
2264 866 2502 926 decora-

141 965 275 1017 tum
325 970 456 1013 esse
503 952 731 1032 dicant,
778 953 834 1012 ei
872 962 1069 1013 tamen
1110 970 1346 1031 semper
1390 951 1633 1013 beatum
1681 963 1929 1014 censent
1975 971 2107 1014 esse
2155 956 2503 1035 sapientem,

142 1042 291 1124 quid
337 1040 576 1102 tandem
623 1059 657 1100 a
705 1039 949 1101 Socrate
999 1049 1059 1101 et
1103 1039 1349 1101 Platone
1406 1041 1694 1120 profectis
1751 1040 2120 1121 philosophis
2166 1044 2502 1104 faciendum

140 1127 416 1194 iudicas?
492 1146 748 1207 quorum
812 1128 909 1189 alii
974 1137 1197 1190 tantam
1270 1131 1695 1209 praestantiam
1761 1132 1824 1190 in
1888 1130 2060 1191 bonis
2126 1133 2305 1192 animi
2370 1150 2502 1192 esse

139 1222 379 1299 dicunt,
445 1227 514 1279 ut
582 1216 653 1277 ab
717 1217 809 1277 his
885 1220 1154 1297 corporis
1222 1228 1284 1279 et
1346 1226 1592 1279 externa
1659 1217 2084 1299 obscurentur,
2151 1219 2249 1280 alii
2305 1229 2502 1281 autem

139 1310 290 1371 haec
337 1325 414 1367 ne
460 1305 617 1365 bona
664 1305 905 1384 quidem
953 1305 1198 1386 ducunt,
1243 1309 1306 1367 in
1354 1309 1549 1367 animo
1597 1316 1898 1385 reponunt
1944 1310 2156 1369 omnia.
2232 1308 2610 1379 Quorum120

142 1396 615 1460 controversiam
679 1393 906 1454 solebat
970 1404 1267 1474 tamquam
1334 1395 1690 1457 honorarius
1755 1396 1977 1457 arbiter
2040 1396 2304 1458 iudicare
2363 1397 2500 1458 Car-

140 1485 384 1548 neades.
475 1482 623 1542 Nam
679 1500 818 1543 cum
876 1501 1286 1562 quaecumque
1332 1482 1487 1545 bona
1534 1483 1974 1565 PeripateticiS,
2031 1485 2236 1546 eadem
2286 1485 2501 1548 Stoicis

139 1572 455 1636 commoda
500 1570 876 1650 viderentur,
936 1589 1129 1651 neque
1177 1580 1377 1632 tamen
1423 1571 1805 1651 Peripatetici
1850 1572 1986 1653 plus
2033 1574 2370 1635 tribuerent
2418 1575 2503 1636 di-

137 1664 321 1743 vitiis,
364 1660 557 1720 bonae
605 1659 945 1739 valetudini,
993 1663 1210 1721 ceteris
1257 1661 1440 1722 rebus
1488 1663 1725 1741 generis
1773 1661 2041 1722 eiusdem
2089 1681 2265 1741 quam
2297 1664 2501 1745 Stoici,

140 1769 283 1813 cum
331 1751 400 1810 ea
446 1767 536 1830 re,
587 1767 708 1810 non
754 1748 954 1809 verbis
1001 1749 1506 1831 ponderarentur,
1564 1768 1802 1811 causam
1850 1769 1982 1812 esse
2031 1751 2355 1812 dissidendi
2401 1772 2504 1814 ne·

31 1923 32 1932 ἵ
137 1840 335 1921 gabat.

134 2073 255 2128 den
320 2068 598 2125 Griechen
659 2069 854 2137 haufig
917 2070 1268 2140 angewandt.

134 2141 315 2198 Arist.
365 2142 504 2195 sent.
553 2138 647 2194 bei
683 2138 906 2196 Maxim.
955 2159 1010 2210 p.
1050 2145 1155 2195 878
1206 2136 1269 2195 ἐκ

134 2214 245 2269 τοῦ
332 2215 442 2278 cuv,
471 2206 769 2279 κράτιστόν
820 2206 973 2265 ἔστιν
1013 2208 1270 2277 ἐξελθεῖν

138 2282 221 2348 ὥς
319 2303 353 2338 κ
418 2284 732 2353 συμποσίου
808 2278 943 2353 μήτε
1011 2282 1269 2352 διψῶντα

135 2354 285 2428 μήτε
323 2350 636 2425 μεθύοντα.

213 2426 419 2496 iuquit,
462 2426 617 2494 ‘sagt
652 2425 829 2489 man',
870 2442 910 2479 0.
944 2443 989 2478 z.
1018 2424 1045 2477 I
1076 2431 1161 2492 39,
1182 2431 1267 2479 93.

215 2499 611 2568 Hieronymus,
649 2512 691 2550 0.
732 2515 775 2548 z.
813 2495 866 2548 II
904 2503 952 2562 6,
997 2501 1076 2550 15.

218 2574 339 2623 119.
388 2569 449 2622 id
484 2567 574 2620 illi
610 2596 680 2606 —-
717 2566 924 2620 dicant.
991 2566 1105 2620 Der
1141 2567 1270 2621 Sata

131 2642 313 2698 sollte
378 2634 688 2708 eigentlioh
751 2635 859 2690 mit
921 2652 1153 2706 quorum
1207 2654 1272 2692 ea

128 2709 414 2769 sententia
468 2712 544 2762 est
598 2706 923 2761 verbunden
952 2707 1097 2789 ‘sein
1155 2709 1271 2762 und

130 2796 622 2930 imma}
651 2777 1273 2931 dffldssffssszia‘i'ssi

132 2921 556 2981 Konstruktion
599 2938 661 2973 m
699 2918 787 2973 die
832 2918 1270 2975 demonstrative

134 3009 404 3064 omneque
437 2992 526 3046 illi
562 2991 770 3045 diewnt.
843 2989 993 3059 (Vgl.
1034 2997 1087 3059 3,
1125 2998 1156 3047 8
1196 2992 1273 3046 ad

136 3067 495 3138 Pythayorae
529 3062 781 3116 manavit
815 3066 1069 3127 aetatem,
1116 3079 1270 3132 quem

136 3169 209 3179 -
256 3135 576 3190 Phliuntem
619 3132 809 3198 ferunt
831 3133 1082 3199 -veuisse,
1128 3149 1271 3188 eum·

135 3225 245 3280 que
300 3222 426 3261 cum
480 3203 684 3258 Leonte
737 3204 1055 3272 disseruisse
1108 3220 1272 3274 quae-

137 3279 315 3347 dam.)
381 3274 595 3330 Wollte
623 3273 817 3328 Cicero
856 3274 964 3327 den
995 3274 1125 3328 Satz
1160 3292 1272 3331 von

137 3368 206 3407 ea
224 3347 500 3405 sententia
518 3349 612 3412 est,
627 3350 692 3399 ut
709 3344 997 3414 abhangig
1015 3346 1269 3413 maehen,

137 3439 203 3477 so
244 3417 455 3474 mufste
502 3432 564 3470 er
609 3414 901 3470 schreiben
946 3417 1009 3470 id
1057 3432 1271 3471 cassum

136 3490 415 3564 quiddam
462 3492 512 3541 et
556 3486 721 3540 iuaui
768 3488 916 3540 vocis
950 3502 1083 3540 sono
1120 3487 1271 3542 deco-

134 3568 335 3619 ratum
370 3558 456 3613 sit.
513 3555 736 3621 ‚Cicero
781 3558 884 3611 hat
917 3555 1083 3612 beide
1121 3557 1269 3611 Kon-

137 3629 504 3690 struktionen
576 3628 882 3682 vermischt
952 3628 1067 3682 und
1141 3628 1270 3682 dem

138 3706 315 3761 Satze
364 3699 516 3753 diese
552 3698 720 3752 Form
765 3698 1046 3768 gegeben,
1093 3698 1274 3752 damit

138 3794 202 3832 er
233 3772 384 3828 auch
412 3769 472 3823 in
499 3769 599 3823 der
624 3768 794 3822 Form
823 3769 1034 3824 seinem
1056 3768 1271 3838 Gegen·

138 3848 302 3901 satze
331 3842 478 3912 quod
504 3870 573 3880 —-
600 3840 835 3895 dicimus
862 3840 1273 3910 entsprechend

135 3917 237 3972 ist.
295 3913 431 3983 Vgl.
460 3930 504 3966 z.
538 3917 623 3980 13,
653 3916 721 3965 37
759 3928 931 3981 neque
966 3916 1044 3966 est
1078 3913 1272 3978 ullum,

135 3987 294 4058 quod
340 4000 455 4038 uon
500 3984 585 4036 ita
619 3982 802 4052 viyeat
839 4013 907 4022 —
942 3987 1005 4038 ut
1041 3987 1141 4037 aut
1176 3983 1272 4050 flo-

136 4074 232 4115 res
288 4060 392 4111 aut
445 4055 633 4123 fruyes
695 4053 903 4120 fundat
954 4059 1056 4109 aut
1086 4054 1275 4108 ‚bacas

139 4125 540 4253 ⁰²²²⁹²⁶5÷t²⁴05a52
575 4124 1272 4250 fftmfflfflfffflaffl

137 4218 276 4336 1122,
344 4266 780 4336 Peripatetiker,
846 4236 1086 4321 sibiker.
1170 4265 1275 4320 Die

139 4340 467 4412 Epikureer
510 4336 629 4392 und
665 4337 1002 4407 Cyrenaiker
1049 4336 1277 4392 werden

437 1837 568 1908 Qua
630 1856 696 1898 re
762 1837 922 1897 hunc
987 1837 1185 1899 locum
1252 1847 1592 1901 ceterarum
1657 1839 2103 1919 disciplinarum
2167 1840 2504 1922 philosophi

1380 2069 1465 2124 als
1483 2067 1645 2122 nicht
1667 2087 1736 2123 zu
1765 2068 1865 2123 der
1885 2068 2276 2124 Sokratischen
2298 2068 2504 2124 Schule

1378 2139 1618 2209 gehorig
1653 2140 1985 2210 angesehen.

1454 2233 1572 2282 120.
1666 2229 2031 2283 honorarius*
2088 2230 2321 2296 arbiter,
2415 2229 2506 2285 ein

1380 2297 1853 2367 Schiedsrichter,
1919 2298 2029 2354 den
2091 2299 2182 2355 die
2244 2299 2505 2356 Parteien

1381 2370 1505 2425 sich
1551 2370 1730 2424 selbst
1774 2370 2022 2437 wahlen,
2073 2371 2152 2425 im
2191 2371 2505 2442 Gegensatz

1380 2459 1448 2494 zu
1502 2441 1684 2496 01110111
1729 2458 1861 2496 vom
1913 2441 2115 2496 Prator
2163 2444 2504 2513 gegebenen.

1380 2511 1450 2565 de
1489 2511 1590 2566 fat.
1625 2518 1709 2580 17,
1740 2519 1806 2567 39
1848 2511 2192 2583 Chrysippus
2227 2520 2502 2583 tamquam

1379 2584 1586 2708 arpii-er
1648 2584 1981 2639 honorarius
2042 2585 2281 2640 medium
2334 2587 2503 2651 ferire

1378 2670 1444 2708 vo
1467 2670 1626 2709 uisse.

1457 2741 1779 2797 Carneades.
1834 2741 1962 2812 Vgl.
1993 2749 2079 2804 30,
2111 2749 2197 2798 84.
2253 2743 2366 2798 Der
2400 2744 2504 2799 fol-

1379 2813 1563 2883 gende
1602 2813 1732 2868 Sat-z
1768 2814 1940 2883 zeigt,
1988 2812 2110 2868 daI's
2160 2815 2333 2870 0011011
2348 2813 2506 2883 ⁸Kar·

1379 2884 1612 2953 11001100,
1663 2884 1770 2940 wie
1825 2883 1944 2938 dies
1988 2884 2050 2937 in
2094 2885 2196 2938 der
2243 2889 2507 2955 spaeren

1379 2954 1690 3010 Akademie
1746 2955 2056 3010 Antiochus
2127 2955 2244 3009 und
2298 2956 2503 3011 andere

1377 3026 1526 3079 noch
1554 3026 1715 3079 mehr
1741 3026 1954 3093 thaten,
1994 3026 2105 3080 den
2132 3026 2505 3082 Unterschied

1379 3096 1658 3151 zwischen
1721 3097 1830 3150 den
1906 3097 2194 3152 einzelnen
2256 3098 2506 3168 philoso-

1378 3167 1655 3291 philslchen
1703 3167 1997 3235 Systemen
2044 3186 2113 3222 zu
2153 3168 2506 3224 verwischen

1380 3254 1479 3292 suc
1521 3240 1592 3293 te.

1450 3326 1746 3393 commoda,
1785 3325 1838 3378 d.
1875 3326 1912 3379 i.
1950 3324 2297 3396 προηγμένα.

1450 3430 1575 3468 cum
1629 3429 1692 3467 ea
1746 3430 1831 3480 re,
1895 3416 2003 3468 cet.
2087 3414 2233 3468 Dem
2287 3414 2504 3485 Haupt-

1381 3486 1534 3538 satze
1585 3483 1767 3553 gehen
1811 3483 1947 3538 zwei
1983 3484 2352 3540 Vordersiissze
2399 3487 2506 3543 mit

1378 3572 1501 3610 cum
1537 3570 1767 3623 vorans,
1805 3572 1916 3610 von
1954 3555 2135 3611 denen
2171 3556 2272 3611 der
2308 3557 2504 3612 zweite

1379 3625 1440 3679 in
1477 3642 1740 3696 engerem
1775 3624 2098 3682 Verhfiltnis
2134 3644 2262 3681 zum
2289 3628 2505 3698 Haupt·

1382 3699 1535 3751 satze
1572 3697 1747 3764 steht,
1800 3696 1899 3752 der
1936 3700 2081 3753 ersi-e
2119 3698 2228 3753 den
2264 3699 2503 3755 Vorder-

1381 3769 1500 3822 satz
1535 3766 1719 3822 bildet
1762 3786 1829 3821 zu
1874 3785 1996 3823 cum
2041 3785 2107 3824 ea
2142 3786 2200 3823 re
2238 3800 2301 3809 —
2341 3786 2506 3839 ,nega-

1382 3840 1491 3893 bat.
1566 3838 1731 3893 Diese
1772 3838 2029 3909 Stellung
2076 3840 2176 3895 der
2212 3839 2385 3895 -Satze
2431 3839 2507 3895 ist

1380 3908 1616 3977 seltner,
1679 3925 1844 3964 wenn
1906 3909 2071 3965 beide
2137 3910 2505 3967 Vordersfflzze

1383 3980 1561 4035 durch
1598 3979 1845 4034 dieselbe
1881 3980 2267 4051 Konjunktion
2315 3982 2505 4052 einge-

1381 4051 1541 4105 ffihrt
1568 4050 1710 4119 sind,
1730 4051 1923 4121 hiiufig
1948 4052 2314 4119 namentlich,
2344 4069 2508 4108 wenn

1384 4122 1485 4176 der
1520 4121 1643 4177 eine
1681 4121 1804 4177 eine
1850 4121 2129 4178 indirekte
2165 4123 2345 4192 Frage
2385 4127 2508 4179 ent—

1381 4192 1533 4259 hfflt3
1580 4194 1714 4247 aber
1758 4194 1872 4263 vgl.
1912 4192 1966 4246 ΙΙ
2002 4200 2096 4262 27,
2137 4200 2203 4249 67
2253 4201 2319 4249 ut
2365 4196 2508 4250 euim

1382 4265 1433 4319 si
1481 4266 1572 4318 cui
1617 4265 1938 4333 uaviyauti,
1982 4267 2289 4333 praedones
2334 4267 2385 4320 si
2419 4266 2508 4321 iu-

1381 4340 1700 4405 sequautwr,
1738 4336 1871 4391 deus
1906 4337 2005 4406 qui
2040 4338 2260 4393 dixerit.
