2902 4649
264 145 353 210 54
1072 145 1147 201 M.
1185 145 1432 204 TULLII
1471 145 1856 203 CICERONIS

261 313 377 375 illis
424 312 737 374 silentibus
784 311 845 373 C.
876 311 1198 374 Amafinius
1245 315 1475 376 exstitit
1519 313 1752 396 dicens,
1799 314 1972 374 cuius
2023 312 2193 374 libris
2240 312 2416 375 editis
2462 332 2626 374 com-

262 410 424 464 mota
478 402 795 464 multitudo
854 402 1105 464 contulit
1161 420 1226 464 se
1291 403 1362 465 ad
1419 421 1551 464 eam
1606 404 1982 482 potissimum
2039 401 2437 484 disciplinam,
2495 405 2620 464 sive

266 491 424 572 quod
491 499 619 553 erat
684 493 925 573 cognitu
1000 491 1326 574 perfacilis,
1400 495 1524 555 sive
1606 492 1765 572 quod
1837 491 2240 553 invitabantur
2304 490 2624 553 inlecebris

215 627 245 647 2
266 580 497 641 blandis
555 580 900 663 voluptatis,
965 583 1088 643 sive
1149 581 1353 660 etiam,
1419 583 1558 660 quia
1623 580 1770 641 nihil
1835 588 1964 642 erat
2027 580 2322 662 prolatum
2389 579 2625 661 melius,

214 667 244 715 7
267 669 439 751 illud,
485 670 642 750 quod
692 678 847 752 erat,
907 669 1205 731 tenebant.
1297 667 1442 729 Post
1488 670 1841 732 Amafinium
1885 677 2086 731 autem
2132 669 2306 731 multi
2352 669 2627 731 eiusdem

266 758 483 820 aemuli
529 762 778 821 rationis
815 758 999 821 multa
1035 776 1174 820 cum
1211 759 1623 841 scripsissent,
1667 758 1895 820 Italiam
1933 767 2118 821 totam
2154 766 2625 839 occupaverunt,

266 847 546 928 quodque
593 865 937 909 maxumum
983 855 1403 927 argumentum
1460 854 1554 908 est
1603 865 1723 908 non
1769 848 1889 910 dici
1933 847 2031 910 illa
2078 846 2405 930 subtiliter,
2460 847 2626 927 quod

266 946 326 997 et
379 946 502 997 tam
557 935 729 998 facile
786 935 1128 997 ediscantur
1192 943 1254 997 et
1309 935 1381 997 ab
1437 934 1693 998 indoctis
1752 936 2111 1018 probentur,
2168 936 2226 998 id
2284 935 2368 997 illi
2425 938 2624 998 firma·

199 1004 532 1086 4mentum
569 1043 703 1086 esse
740 1023 1084 1105 disciplinae
1122 1032 1350 1105 putant.
1392 1055 1406 1072 ·
1447 1025 1565 1085 Sed
1602 1024 1881 1087 defendat
1919 1026 2076 1105 quod
2116 1028 2370 1105 quisque
2413 1027 2626 1106 sentit3

263 1121 407 1176 sunt
442 1116 602 1175 enim
639 1113 856 1176 iudicia
893 1112 1105 1177 libera:
1152 1132 1262 1176 nos
1299 1116 1645 1176 institutum
1681 1114 2020 1176 tenebimus
2057 1114 2398 1194 nulliusque
2434 1117 2623 1175 unius

262 1202 608 1283 disciplinae
653 1203 885 1283 legibus
923 1201 1218 1284 adstricti,
1263 1204 1484 1283 quibus
1522 1206 1583 1264 in
1622 1203 1996 1284 philosophia
2031 1206 2374 1265 necessario
2411 1221 2623 1284 parea-

263 1309 423 1372 mus,
470 1291 611 1371 quid
659 1294 738 1353 sit
782 1294 843 1352 in
890 1310 1126 1373 quaque
1175 1311 1241 1353 re
1285 1295 1539 1354 maxime
1586 1291 1891 1372 probabile
1939 1310 2179 1372 semper
2216 1294 2619 1372 requiremus

264 1379 435 1451 Quod
483 1398 622 1441 cum
668 1398 842 1460 saepe
889 1380 1056 1462 aliaS,
1113 1389 1241 1443 tum
1292 1400 1487 1461 nuper
1543 1383 1605 1443 in
1651 1380 2003 1443 Tusculano*
2047 1380 2314 1443 studiose
2371 1384 2627 1460 egimus,

261 1469 467 1549 Itaque
517 1471 802 1550 expositis
848 1470 1033 1531 tridui
1078 1470 1581 1551 disputationibus
1629 1478 1879 1550 quartus
1935 1470 2064 1532 dies
2111 1470 2225 1532 hoc
2272 1469 2426 1531 libro
2474 1488 2625 1531 con·

262 1557 542 1621 cluditur.
636 1558 712 1619 Ut
758 1560 918 1620 enim
962 1561 1026 1620 in
1072 1560 1422 1621 inferiorem
1461 1559 1923 1621 ambulationem
1961 1559 2411 1641 descendimuS,
2459 1560 2630 1639 quod

262 1647 596 1709 feceramus
642 1647 796 1709 idem
846 1647 1258 1728 superioribus
1304 1647 1542 1729 diebuS,
1589 1657 1719 1710 acta
1764 1667 1863 1710 res
1911 1657 2004 1710 est
2049 1651 2153 1710 sic.

210 1732 242 1780 8
444 1739 526 1797 Μ.
575 1736 768 1817 Dicat,
835 1740 884 1798 si
942 1740 1077 1817 quis
1133 1736 1280 1819 volt,
1347 1756 1465 1817 qua
1520 1737 1593 1799 de
1650 1755 1716 1799 re
1768 1737 2063 1818 disputari
2108 1737 2264 1799 velit.
2354 1739 2425 1798 Α.
2472 1737 2629 1800 Non

262 1825 436 1887 mihi
502 1825 787 1887 videtur
861 1829 1054 1887 omni
1128 1828 1343 1887 animi
1416 1826 1980 1906 perturbatione
2056 1845 2266 1907 posse
2334 1829 2630 1907 sapiens

263 1932 535 1977 vacare.
593 1916 714 1975 -M.
764 1914 1152 1994 Aegritudine
1208 1915 1451 1995 quidem
1504 1915 1787 1977 hesterna
1844 1916 2246 1996 disputatione
2295 1915 2632 1999 videbatur,

264 2004 380 2064 nisi
443 2003 597 2063 forte
662 2006 950 2084 temporis
1015 2021 1192 2065 causa
1259 2002 1432 2066 nobis
1500 2004 1930 2066 adsentiebare.
2023 2006 2094 2066 Α.
2152 2004 2393 2066 Minime
2451 2023 2630 2087 vero;

263 2109 400 2152 nam
447 2091 591 2152 mihi
633 2092 1158 2172 egregieprobata
1204 2100 1296 2154 est
1342 2094 1534 2155 oratio
1582 2102 1699 2154 tua.
1794 2095 1877 2156 M.
1924 2093 2056 2155 Non
2095 2095 2279 2172 igitur
2318 2095 2633 2155 existimas

337 2263 395 2320 0.
426 2264 770 2333 Amafinius,
810 2281 852 2318 s.
883 2283 926 2318 z.
956 2264 982 2317 Ι
1010 2270 1061 2333 3,
1092 2270 1141 2318 6.
1208 2263 1378 2319 Acad.
1494 2264 1718 2334 System
1790 2264 1851 2317 in
1925 2263 2139 2320 seinem
2202 2264 2629 2336 Lehrgedichte

261 2335 288 2389 I
326 2342 357 2389 2
371 2379 384 2406 ,
422 2342 454 2391 5
504 2335 668 2392 Vides
714 2341 895 2392 autem
930 2337 1047 2406 ipse
1082 2351 1195 2391 non
1224 2351 1384 2404 posse
1492 2336 1609 2391 dar.
1682 2334 1846 2392 Nach
1863 2335 2172 2392 Amafinius
2202 2353 2392 2392 waren
2418 2337 2624 2392 beson-

262 2424 362 2462 nos
410 2407 685 2476 Amafinii
738 2414 839 2464 a'ut
894 2407 1126 2462 Rabirii
1179 2407 1383 2461 similes
1490 2406 1619 2461 ders
1639 2405 1918 2463 Griechen
1939 2407 2043 2463 wie
2067 2406 2322 2463 Phadrus
2343 2408 2455 2462 und
2473 2408 2629 2464 Zeno

262 2495 397 2547 esse,
434 2481 533 2549 qui
569 2480 730 2536 nulla
765 2483 883 2535 arte
910 2478 1163 2534 adhibita
1200 2478 1266 2533 dc
1300 2494 1383 2532 re·
1491 2479 1644 2547 (1115
1665 2480 1758 2547 38)
1783 2478 1884 2532 auf
1898 2478 1990 2534 die
2011 2479 2221 2534 Rbmer
2239 2495 2350 2535 von
2369 2478 2624 2536 Einflurs.

264 2552 366 2606 bus
402 2557 529 2606 ante
564 2552 746 2606 oculos
777 2550 976 2621 positis
1010 2550 1232 2619 vulqari
1272 2563 1382 2604 ser·
1562 2550 1908 2605 ediscantur:
1962 2551 2222 2616 ediscere,
2267 2550 2625 2622 vollstandig

262 2637 417 2677 mone
485 2623 803 2691 disputant:
874 2622 1020 2675 nihil
1090 2621 1381 2688 definiunt,
1489 2621 1684 2677 lernen
1697 2663 1710 2690 ,
1773 2619 2078 2690 cigentlich
2135 2620 2259 2677 eine
2318 2621 2498 2677 Sache
2556 2638 2629 2677 so

262 2694 407 2748 nihil
433 2695 797 2762 partiuntur,
841 2693 985 2749 nihil
1031 2696 1167 2761 apta
1220 2693 1388 2747 inter·
1497 2691 1694 2748 lernen
1707 2733 1720 2759 ‚
1779 2689 1902 2746 dass
1954 2709 2088 2748 man
2133 2691 2216 2749 sie
2261 2693 2408 2748 ohne
2453 2693 2632 2748 Muhe

263 2765 545 2836 royatione
581 2764 915 2820 concludunt
929 2804 947 2830 ,
988 2764 1199 2818 nullam
1236 2763 1389 2818 cleni-
1496 2764 1613 2819 und
1666 2762 2053 2819 Naehdenken
2107 2762 2386 2833 hersagen
2451 2764 2630 2821 kann.

262 2853 365 2906 que
400 2841 572 2890 artem
608 2852 718 2892 esse
751 2851 856 2901 nec,
885 2835 1105 2890 dicendi
1138 2850 1238 2889 nec
1274 2834 1388 2889 dis·
1497 2835 1567 2890 de
1606 2851 1684 2891 or.
1723 2835 1751 2888 Ι
1788 2839 1887 2902 58,
1926 2840 2032 2889 246
2082 2835 2344 2890 inertiam
2398 2851 2633 2892 accusas

262 2908 477 2962 serendi
506 2912 733 2976 putant.
1496 2907 1956 2972 adulescentium,
1990 2906 2089 2975 qui
2113 2906 2280 2961 istam
2308 2911 2478 2961 artem
2503 2907 2628 2976 pri·

335 2979 521 3033 dicens
553 2977 634 3032 ist
677 2995 775 3032 um
812 2977 921 3032 den
956 2976 1270 3047 Gegensatz
1319 2993 1389 3030 zu
1497 2994 1645 3033 mum
1679 2978 2006 3045 facillimam
2042 2991 2157 3032 non
2192 2978 2453 3032 ediscant.

264 3049 550 3105 silentibus
604 3044 1061 3105 hervorzuheben
1116 3046 1385 3118 hinzuge-
1569 3049 1711 3118 Kap.
1742 3047 1801 3104 4.
1848 3048 2166 3118 nulliusque
2190 3048 2363 3104 unius
2389 3048 2634 3118 discipl„

265 3120 407 3190 fagt.
1504 3119 1726 3176 ‘keiner
1788 3118 2078 3174 einzelnen
2142 3118 2393 3174 Schule'.
2466 3118 2521 3176 S.
2571 3118 2629 3173 V

335 3191 723 3246 invitabantur
777 3188 902 3244 hier
956 3213 1023 3234 ==
1075 3189 1392 3244 allicieban-
1501 3197 1587 3258 36,
1630 3196 1731 3247 105
1768 3206 1923 3246 nemo
1959 3191 2025 3245 de
2060 3191 2217 3246 nobis
2263 3207 2412 3246 umus
2455 3191 2631 3246 excel-

267 3269 372 3320 tur.
1500 3264 1596 3319 lat.
1672 3262 1793 3318 Liv.
1832 3262 1883 3316 II
1922 3267 1971 3330 6,
2010 3267 2042 3316 3
2091 3277 2177 3317 eos
2223 3262 2368 3317 inter
2402 3278 2458 3318 se
2491 3263 2634 3332 quia

335 3335 448 3390 sive
472 3335 638 3388 ctiam
666 3363 734 3373 —
763 3333 1031 3388 tenebant.
1099 3330 1389 3386 Wahrend
1499 3350 1654 3389 nemo
1691 3349 1838 3388 unus
1872 3335 2010 3388 satis
2046 3333 2251 3403 diynus
2278 3349 2444 3405 reqno
2468 3334 2630 3389 visus

267 3403 357 3461 die
411 3404 614 3460 beiden
668 3407 854 3460 ersten
907 3402 1015 3457 mit
1081 3404 1193 3458 sive
1245 3402 1392 3472 quod
1498 3407 1598 3472 sit,
1642 3409 1830 3475 partes
1865 3404 2025 3471 rcqni
2058 3406 2326 3473 rapuisse.
2402 3404 2629 3462 Ebenso

267 3475 662 3546 eingefiihrten
717 3476 879 3530 Satze
934 3491 1048 3530 von
1091 3474 1391 3529 multitudo
1499 3475 1736 3547 positiv:
1777 3475 1846 3530 de
1884 3474 1974 3530 off.
2013 3475 2065 3529 Π
2105 3480 2188 3545 12,
2226 3480 2293 3529 41
2339 3476 2415 3530 ad
2449 3492 2633 3532 unum

266 3564 321 3602 sc
374 3548 606 3603 contulit
659 3548 985 3617 abhangen,
1049 3546 1235 3601 erhalt
1290 3545 1389 3600 der
1498 3548 1736 3617 aliquem
1771 3546 2177 3617 confuyicbant.
2235 3546 2358 3601 Liv.
2380 3545 2456 3601 VI
2483 3552 2572 3616 40,
2595 3553 2631 3603 6

267 3617 440 3673 dritta
477 3619 587 3672 sive
624 3620 788 3673 etiam
822 3620 957 3688 quia
998 3617 1195 3672 seinen
1238 3615 1387 3698 eige-
1495 3635 1645 3674 unus
1686 3618 1991 3689 Quiritium
2028 3619 2269 3687 quilibet.

265 3706 376 3745 nen
409 3688 709 3743 Naehsatz.
750 3720 816 3729 —
858 3689 936 3742 Zu
972 3690 1118 3757 quod
1154 3693 1272 3744 erat
1312 3689 1389 3742 ist
1568 3691 1632 3744 in
1692 3689 2006 3756 inferiorem
2062 3689 2509 3755 ambulationem,
2566 3687 2636 3745 in

261 3762 545 3832 prolatum
580 3778 647 3814 zu
684 3764 973 3830 ergssnzen.
1497 3761 1587 3816 die
1618 3775 1815 3832 sogen.
1854 3757 2194 3829 Akademie‚
2231 3777 2273 3816 s.
2307 3778 2352 3815 z.
2382 3759 2434 3813 11
2470 3766 2533 3828 3,
2573 3764 2630 3816 9.

341 3839 388 3889 7.
449 3832 686 3886 Italiam
738 3835 907 3886 totam
965 3833 1388 3903 occupaverunt.
1566 3837 1617 3887 8.
1657 3832 1913 3901 temporis
1950 3847 2148 3899 causa,
2197 3831 2250 3887 d.
2290 3831 2325 3886 i.
2365 3832 2627 3899 tempori-

266 3904 374 3960 Die
410 3903 587 3958 durch
625 3901 727 3957 das
757 3900 1192 3957 Senatskonsult
1225 3900 1305 3954 im
1326 3899 1385 3954 -J.
1495 3904 1598 3959 bus
1669 3904 1968 3972 adductus,
2044 3902 2169 3957 ‘der
2229 3900 2631 3959 Verhffltnisse

271 3981 372 4031 161
414 3977 479 4044 (s.
511 3973 654 4031 Einl.
686 3978 717 4039 ξ
747 3974 801 4042 6)
839 3971 1230 4028 vertriebenen
1257 3970 1389 4025 Phi·
1496 3975 1740 4042 halber’,
1778 3974 1898 4029 also
1935 3973 2065 4029 weil
2092 3973 2200 4039 A„
2235 3973 2321 4028 als
2355 3973 2454 4028 der
2480 3973 2631 4028 Jiin—

266 4046 545 4116 Iosophen
573 4062 761 4101 waren
793 4041 1230 4112 haupts’achfich
1256 4040 1389 4111 Epi·
1497 4061 1657 4117 gere,
1695 4046 1814 4101 sich
1835 4045 2089 4113 scheute,
2118 4045 2318 4117 langer
2339 4062 2406 4098 zu
2424 4044 2634 4098 wider-

267 4118 486 4172 kureer.
552 4116 718 4171 Trotz
749 4116 848 4171 der
867 4112 1243 4182 Vertreibung
1269 4128 1390 4167 ver·
1499 4118 1787 4188 sprechen.
1862 4122 2071 4185 tempus
2106 4116 2220 4170 und
2254 4121 2497 4184 tempora
2521 4115 2627 4170 be·

267 4187 548 4244 breiteten
611 4187 732 4243 sich
796 4185 970 4242 sehon
1024 4183 1243 4239 damals
1300 4183 1391 4238 die
1500 4188 1755 4244 zeichnet
1791 4186 1882 4242 die
1911 4186 2176 4243 'sussex-en
2218 4184 2635 4257 Verhffltnisoe‚

270 4259 621 4316 Grundsatze
649 4257 829 4313 dieser
858 4255 1061 4313 Schule
1091 4255 1250 4311 mehr
1276 4254 1393 4308 und
1499 4261 1645 4316 auch
1701 4259 2022 4330 abgesehen
2076 4275 2187 4315 von
2234 4258 2424 4329 jedem
2475 4256 2636 4311 Zeit-

272 4330 447 4387 mehr.
522 4330 728 4385 Luci-ez
764 4328 914 4401 (geb.
953 4330 1044 4401 99)
1083 4325 1274 4385 stellte
1302 4325 1393 4380 ihr
1499 4329 1717 4403 begriff.
