2902 4649
627 146 1228 205 TUSCULANARUM
1266 147 1877 205 DISPUTATIONUM
1913 150 1982 205 V.
2022 154 2250 205 38-42,
2499 149 2624 213 117

274 331 414 393 ergo
464 314 595 375 eius
639 314 801 375 modi
847 317 1100 377 istorum
1148 311 1283 377 est?
1338 324 1407 378 ut
1451 314 1600 376 mihi
1644 314 1896 377 Laconis
1942 314 2087 376 illud
2136 314 2362 377 dictum
2407 317 2471 376 in
2516 314 2627 375 hos

278 401 489 463 cadere
555 401 853 485 videatur,
927 406 1032 483 qui
1102 402 1380 484 glorianti
1446 404 1684 465 cuidam
1758 406 2105 485 mercatori,
2178 404 2339 484 quod
2413 402 2630 464 multas

270 508 451 552 naves
496 479 559 551 i‘n
607 510 845 575 omnem
902 511 1067 555 oram
1124 495 1480 555 maritimam
1537 493 1885 574 dimisisset,
1945 489 2099 553 ‘Non
2156 511 2296 555 sane
2354 491 2631 572 optabilis

268 580 383 642 ista
448 575 713 659 quidem'
778 583 975 660 inquit
1048 576 1431 644 ‘rudentibus
1497 589 1632 663 apta
1697 576 1977 644 fortuna?
2068 582 2156 642 An
2224 580 2473 643 dubium
2540 587 2632 641 est

269 670 416 748 quin
462 667 609 729 nihil
656 671 735 730 sit
778 669 1116 731 habendum
1172 672 1234 732 in
1290 689 1362 733 eo
1409 687 1661 751 genere,
1716 688 1835 750 quo
1881 673 1999 731 vita
2044 669 2217 732 beata
2264 668 2632 751 conpleatur,

270 759 322 818 si
387 756 448 817 id
514 759 706 837 possit
769 754 1006 820 amitti?
1095 758 1256 820 Nihil
1320 761 1480 821 enim
1555 761 2017 840 interarescere,
2091 759 2239 820 nihil
2313 760 2631 837 exstingui,

268 844 418 906 nihil
477 845 688 908 cadere
746 846 924 908 dehet
986 865 1222 928 eorum,
1286 849 1350 909 in
1411 846 1631 928 quibus
1690 849 1809 910 vita
1867 847 2039 909 beata
2099 849 2389 909 consistit.
2482 847 2631 907 Nam

268 936 376 1013 qui
436 933 671 996 timebit
728 953 806 997 ne
862 935 1007 1015 quid
1062 955 1136 998 ex
1192 936 1286 998 his
1351 935 1667 1017 deperdat,
1730 935 1943 1000 heatus
2009 954 2141 998 esse
2206 955 2327 998 non
2391 937 2631 1018 poterit.

268 1020 555 1085 Volumus
619 1024 780 1085 enim
843 1043 1007 1106 eum,
1063 1026 1168 1104 qui
1213 1025 1426 1087 heatus
1473 1027 1577 1106 sit,
1631 1032 1831 1086 tutum
1878 1043 2039 1107 esse,
2092 1023 2715 1106 inexpugnabilem,41

266 1119 539 1191 saeptum
588 1119 767 1191 atque
814 1115 1143 1194 munitum,
1190 1132 1309 1176 non
1358 1122 1424 1176 ut
1469 1131 1651 1195 parvo
1698 1122 1860 1177 metu
1906 1113 2213 1193 praeditus
2261 1116 2364 1194 sit,
2411 1112 2518 1174 sed
2564 1120 2633 1173 ut

267 1199 451 1262 nullo.
544 1199 623 1261 Ut
680 1203 842 1262 enim
896 1203 1186 1264 innocens
1240 1204 1294 1264 is
1351 1202 1600 1283 dicitur,
1665 1220 1784 1262 non
1842 1204 1947 1282 qui
2001 1202 2212 1264 leviter
2264 1211 2466 1283 nocet,
2524 1199 2630 1263 sed

271 1291 379 1369 qui
436 1288 583 1350 nihil
643 1297 850 1371 nocet,
915 1292 1003 1352 sic
1061 1292 1190 1351 sine
1247 1298 1415 1352 metu
1470 1292 1524 1352 is
1577 1289 1889 1352 habendus
1929 1300 2064 1373 est,
2118 1309 2238 1353 non
2295 1293 2398 1371 qui
2451 1307 2630 1370 parva

266 1378 514 1459 metuit,
572 1378 676 1439 sed
732 1380 838 1457 qui
894 1381 1135 1441 omnino
1191 1388 1356 1441 metu
1413 1387 1597 1458 vacat.
1691 1380 1855 1451 Quae
1913 1387 2007 1441 est
2069 1381 2228 1442 enim
2293 1379 2406 1440 alia
2463 1379 2630 1440 forti-

263 1466 415 1529 tudo
462 1467 581 1527 nisi
626 1468 809 1528 animi
853 1466 1107 1529 adfectio
1156 1486 1294 1529 cum
1339 1470 1401 1529 in
1449 1467 1723 1529 adeundo
1770 1468 2038 1547 periculo
2087 1476 2148 1529 et
2204 1470 2266 1530 in
2313 1466 2515 1530 labore
2558 1485 2631 1528 ac

263 1554 475 1616 dolore
518 1557 780 1636 patiens,
828 1562 957 1618 tum
998 1556 1214 1636 procul
1258 1556 1331 1617 ab
1378 1557 1543 1618 omni
1588 1552 1803 1618 metu?
1892 1557 2086 1636 Atque
2123 1556 2270 1619 haec
2308 1564 2472 1618 certe
2510 1574 2630 1617 non
2648 1570 2719 1619 42

262 1646 352 1704 ita
415 1661 482 1705 se
546 1642 863 1725 haberent,
928 1646 1042 1706 nisi
1099 1663 1274 1706 omne
1329 1645 1558 1706 honum
1613 1646 1679 1705 in
1734 1663 1850 1706 una
1895 1645 2208 1709 honestate
2255 1647 2630 1707 consisteret.

2842 1367 2884 1377 ⁴—

143 1767 158 1780 ·
265 1731 387 1803 Qui
432 1739 631 1793 autem
677 1731 838 1793 illam
883 1750 1157 1795 maxume
1204 1741 1465 1815 optatam
1515 1740 1576 1794 et
1623 1735 1946 1813 expetitam
1991 1736 2375 1796 securitatem
2411 1766 2500 1778 --
2537 1752 2628 1794 se·

265 1822 587 1882 curitatem
633 1829 834 1883 autem
879 1839 1041 1883 nunc
1088 1822 1320 1902 appello
1368 1823 1727 1883 vacuitatem
1773 1823 2190 1904 aegritudiniS,
2235 1824 2299 1884 in
2347 1840 2464 1901 qua
2510 1824 2631 1883 vita

257 1908 442 1971 ‘beata
496 1911 692 1990 posita
748 1917 841 1971 est
900 1942 975 1953 —
1038 1909 1259 1972 habere
1328 1913 1643 1990 quisquam
1707 1918 1935 1993 potest,
2000 1914 2096 1972 cui
2165 1919 2267 1973 aut
2320 1911 2475 1975 adsit
2530 1919 2634 1971 aut

264 1997 478 2059 adesse
505 2000 716 2077 possit
763 1997 1079 2061 multitudo
1129 1995 1464 2061 malorum?
1557 1999 1673 2071 Qui
1721 2008 1921 2061 autem
1966 2002 2189 2080 poterit
2244 2018 2376 2062 esse
2436 1999 2633 2061 celsus

263 2094 333 2149 et
378 2094 618 2148 erectus
665 2093 727 2147 et
771 2103 868 2168 ea,
915 2104 1067 2166 quae
1113 2087 1339 2150 homini
1387 2087 1660 2149 accidere
1707 2095 1990 2170 possunt,
2045 2090 2240 2149 omnia
2296 2106 2478 2168 parva
2525 2088 2631 2149 du-

263 2192 440 2256 cenS,
488 2174 725 2254 qualem
762 2177 1093 2255 sapientem
1130 2194 1262 2238 esse
1299 2176 1608 2257 volumus,
1654 2178 1772 2237 nisi
1812 2179 2010 2237 omnia
2056 2176 2172 2237 sibi
2216 2179 2279 2238 in
2327 2193 2392 2237 se
2438 2178 2632 2255 posita

263 2259 583 2327 censebit?
672 2263 761 2323 An
826 2262 1305 2347 Lacedaemonii,
1369 2263 1642 2347 Philippo
1712 2266 2023 2327 minitante
2095 2283 2204 2346 per
2267 2264 2497 2326 litteras
2567 2282 2632 2327 se

342 2469 486 2539 Καρ.
527 2469 626 2525 14.
701 2475 767 2526 ut
829 2471 970 2526 mim
1020 2473 1128 2528 cet.
1215 2477 1279 2528 ut
1334 2471 1413 2528 ist
1519 2473 2044 2543 entgegengesetzt‚
2072 2470 2336 2541 obgleieh
2361 2472 2636 2526 munitum

264 2540 789 2668 ςὲἓθιτὲἂωώἱᾶοἵ
805 2540 899 2625 ein
941 2543 1235 2668 negatssver
1277 2542 1412 2669 Segtszt
1518 2543 1849 2668 dasldetgte3
1860 2541 2026 2668 Glileg
2061 2541 2377 2668 gerlgteihe
2411 2542 2503 2597 ist.
2580 2541 2636 2599 S.

265 2628 305 2666 ⁰
378 2628 407 2664 ²
527 2682 540 2695 .
744 2630 767 2667 ²
823 2617 1057 2696 ²⁸⁸⁰’.um
1146 2615 1290 2697 aba?
1518 2632 1563 2670 Ζ·
1765 2656 1780 2683 ²
1855 2654 1869 2667 ·
1960 2684 1972 2696 .
2103 2654 2117 2680 ²
2225 2658 2241 2696 .·

265 2683 1412 2836 ξίἓῖῗιῗὲώωεὲῃεῖὔέιιὲἑί“θὲῑῗῗῗῐὲἓ
1516 2684 2159 2824 ηοξαέἵὲῑῃῗῗῦἓὶέἒξ
2194 2684 2496 2837 ἳὲᾒιέἰξὲῗ
2528 2701 2638 2810 ἓξὲξ

267 2840 399 2879 eme
438 2822 621 2894 Frage
651 2824 788 2879 oder
814 2824 1028 2880 Ausruf
1052 2826 1167 2897 vgl.
1197 2826 1223 2880 Ι
1252 2831 1282 2892 ξ
1305 2832 1408 2881 100
1517 2842 1616 2881 vor
1654 2825 1784 2879 dem
1820 2823 2053 2880 Verlust
2099 2825 2198 2880 der
2242 2825 2639 2895 korperhchen

273 2894 325 2949 O
359 2895 543 2951 virwm
585 2894 800 2965 Sparta
844 2896 1103 2966 dignum,
1157 2902 1222 2951 ut
1271 2898 1408 2951 mihi
1514 2895 1629 2952 und
1675 2894 1932 2951 ausseren
1979 2895 2183 2965 Giiter3
2221 2913 2407 2966 parva
2450 2898 2640 2955 metuit

271 2996 344 3007 —
382 2966 646 3021 immoene
672 2967 972 3022 damnatus
998 2982 1110 3022 ease
1134 2969 1404 3024 videatur.
1515 2966 1594 3022 ist
1629 2966 1750 3022 also
1787 2965 1979 3038 gleich
2009 2982 2186 3037 parvo
2230 2972 2377 3023 mebu
2416 2969 2639 3037 praedi·

345 3036 481 3092 Non
516 3052 665 3091 eane.
740 3036 889 3092 Plut.
948 3037 1222 3108 apophth.
1272 3038 1405 3094 Lac.
1515 3044 1606 3094 tus
1641 3043 1747 3105 est,
1783 3037 1900 3093 und
1935 3037 2028 3093 die
2054 3036 2223 3094 Form
2258 3038 2337 3093 ist
2370 3039 2637 3109 gewahlt,

266 3124 326 3177 p.
347 3107 516 3162 234F
542 3103 682 3177 πρὸς
708 3103 812 3162 τὸν
839 3109 1224 3179 μακαρίζοντα
1252 3104 1406 3180 Λάμ·
1515 3127 1612 3164 um
1659 3109 1768 3165 den
1804 3107 2103 3164 Ausdruck
2151 3108 2278 3165 dem
2326 3109 2640 3180 Gegeneatz

267 3196 373 3232 πιν
437 3173 542 3232 τὸν
598 3173 903 3248 Αἰγινήτην
919 3221 935 3248 ,
1000 3175 1151 3234 διότι
1215 3174 1407 3235 ἐδόκει
1516 3181 1704 3237 leviter
1738 3184 1893 3235 nocet
1930 3178 2183 3236 conform
2221 3198 2291 3234 zu
2327 3179 2585 3235 macheu.

272 3245 695 3312 πλουσιώτατος
714 3243 868 3305 εἶναι
886 3247 1210 3320 ναυκλήρια
1227 3246 1407 3306 πολλὰ
1578 3251 1783 3320 procul
1835 3250 2062 3305 verta-ist·
2117 3249 2241 3304 hier
2293 3248 2641 3321 vollstandig

275 3317 449 3388 ἔχων,
504 3315 713 3374 Λάκων
770 3317 956 3376 εἶπεν·
1023 3315 1091 3375 οὗ
1148 3319 1399 3391 προςέχω
1513 3320 1607 3376 die
1645 3319 1820 3375 Stelle
1859 3320 2011 3375 eines
2048 3319 2364 3401 Adjektiv8‚
2401 3321 2495 3376 ein
2531 3320 2638 3375 Ge·

273 3386 622 3462 εὐδαιμονίᾳ
645 3386 709 3445 ἒκ
732 3392 993 3461 σχοινίων
1013 3386 1400 3462 ἀπηρτημένῃ.
1512 3391 1752 3459 brauch,
1803 3389 1900 3444 der
1945 3391 2038 3445 bei
2084 3390 2196 3445 Cle.
2244 3392 2392 3445 noch
2439 3391 2636 3459 sesten,

272 3461 713 3587 wiffi’ffl'ssiffa
740 3461 1133 3589 ‘'ffiffibiita
1177 3464 1405 3589 ⁰³³3?ss
1514 3458 1837 3587 ξὲὲὲἱέἱῗ
1863 3460 2092 3586 ,ῗέὴῖἔέε
2107 3460 2439 3588 maest*
2484 3460 2640 3589 ξ’ἐὲῑ

274 3601 379 3657 aar
421 3572 625 3658 'Lehre
689 3550 793 3659 αἲξ
852 3603 1266 3673 Peripatetiker
1330 3620 1405 3659 an
1607 3573 1784 3659 ctatoir
1812 3547 2051 3674 aymissis
2077 3547 2305 3670 fffigret.
2371 3549 2502 3675 vgq.
2523 3603 2637 3660 cio.

279 3672 403 3728 sich
440 3673 533 3729 die
562 3673 1042 3745 Glfickseligkeit‚
1081 3674 1229 3730 doch
1264 3674 1407 3730 wird
1513 3620 1606 3731 ff?
1642 3673 1793 3729 deor.
1847 3676 1962 3730 nat.
2009 3673 2062 3727 II
2109 3680 2204 3744 66,
2246 3680 2348 3731 166
2394 3676 2640 3746 ipsorum

279 3742 437 3800 diese
466 3744 643 3799 durch
672 3745 764 3802 die
791 3745 1050 3802 §.usseren
1077 3744 1254 3801 Giiter
1280 3761 1403 3803 ver·
1515 3746 1740 3802 deorum
1774 3760 1933 3814 saepe
1961 3747 2324 3814 praesentiae.

275 3814 668 3885 vollstandigt.
747 3821 839 3885 16,
875 3822 947 3872 4⁷
982 3817 1076 3873 sed
1110 3816 1197 3871 hie
1230 3817 1405 3872 vitam
1584 3822 1671 3873 42.
1726 3817 1858 3871 haec
1913 3846 1982 3856 —
2038 3833 2093 3872 ee
2144 3817 2428 3884 haberent,
2484 3816 2638 3872 diese

279 3886 493 3941 beatam
529 3887 774 3954 conpleri
807 3892 1028 3959 myant.
1512 3886 1996 3957 Furchtlosigkeit
2038 3888 2232 3943 wiirde
2279 3887 2438 3943 nicht
2482 3893 2638 3957 mog-

348 3958 399 4011 ei
453 3957 515 4012 id
570 3957 795 4013 bezieht
839 3959 962 4014 sich
1008 3956 1113 4013 auf
1152 3959 1298 4014 nihil
1334 3983 1402 4006 a-
1513 3958 1631 4014 lich
1668 3956 1802 4014 sein.

278 4028 425 4082 nihil
458 4028 621 4097 quod.
1588 4030 1932 4086 seemitatem
1994 4054 2062 4076 ====
2131 4021 2473 4098 ἀταραξίαν,
2546 4030 2639 4085 die

352 4104 438 4153 41.
476 4103 727 4168 saeptum
766 4102 929 4169 atque
973 4101 1250 4155 mwnitum
1299 4099 1406 4156 bil·
1515 4099 1768 4156 Freiheit
1823 4116 1934 4157 von
1988 4098 2461 4157 Leidenschasten
2522 4100 2639 4156 und

279 4167 390 4223 den
434 4186 760 4227 zusammen
806 4172 973 4225 einen
1006 4169 1222 4241 Begriff
1231 4211 1246 4237 ,
1293 4171 1408 4226 und
1517 4171 1819 4227 besonders
1856 4188 1968 4227 von
2005 4171 2290 4227 Kummer.

285 4237 521 4296 deshalb
585 4240 811 4296 werden
874 4241 954 4296 sie
1020 4241 1197 4297 durch
1248 4246 1410 4312 atque
1587 4242 1684 4298 An
1711 4242 2163 4311 Lacedaemonii,
2197 4243 2314 4298 und
2352 4242 2472 4299 dass
2508 4259 2638 4297 man

285 4310 612 4367 verbunden
711 4311 821 4367 den
908 4312 1409 4385 vorhergehenden
1517 4311 1670 4370 diese
1705 4313 1921 4370 Hoheit.
1959 4313 2059 4370 der
2088 4314 2416 4385 Gesinnung
2450 4314 2637 4369 haben
