2902 4649
627 152 1229 210 TUSCULANARUM
1266 151 1875 210 DISPUTATIONUM
1911 153 2007 208 ΙΠ.
2048 160 2275 210 62-65,
2548 153 2633 219 37

272 323 340 382 in
397 285 564 382 luctu
621 338 760 382 cum
813 322 941 401 ipsa
1001 320 1321 383 solitudine
1382 320 1549 401 loqui
1609 339 1786 402 saepe
1848 321 2129 403 delectat,
2194 330 2261 384 ut
2320 320 2418 383 illa
2478 320 2634 401 apud

272 409 538 471 Ennium
584 412 813 472 nutrix:

712 515 943 595 Cupido
989 520 1154 595 cepit
1194 514 1483 579 miseram
1528 535 1695 580 nunc
1736 534 1832 579 me
1869 517 2159 595 proloqui

705 610 877 668 caelo
924 604 1109 682 atque
1153 612 1366 670 terrae
1410 604 1664 668 Me'deai
1703 603 2016 669 miserias:

273 839 492 901 meque
539 819 876 882 declaratur
921 819 1069 881 haec
1117 822 1288 900 quasi
1333 820 1516 881 officii
1552 820 1773 882 iudicio
1812 820 1962 900 fieri,
2010 820 2187 903 quod,
2234 823 2285 882 si
2324 822 2427 899 qui
2464 820 2639 902 forte,

275 928 417 972 cum
473 927 537 971 se
594 912 657 970 in
708 908 880 971 luctu
936 927 1068 970 esse
1125 909 1369 991 vellent,
1434 908 1656 989 aliquid
1722 910 1999 971 fecerunt
2052 909 2370 971 humanius
2427 916 2531 971 aut
2586 910 2640 970 si
2692 909 2705 920 ⁸

273 998 526 1061 hilarius
579 998 767 1060 locuti
822 1005 990 1079 sunt,
1047 1006 1329 1070 revocant
1383 1016 1447 1059 se
1506 1016 1720 1060 rursus
1768 998 1840 1060 ad
1886 1000 2241 1062 maestitiam
2287 999 2638 1079 peccatique

276 1106 344 1149 se
388 1087 763 1168 insimulant,
821 1088 981 1167 quod
1038 1086 1241 1148 dolere
1300 1089 1754 1149 intermiserint.
1844 1087 2075 1149 Pueros
2120 1107 2263 1149 vero
2310 1096 2532 1149 matres
2579 1095 2639 1148 et

165 1225 172 1234 .
275 1178 549 1256 magistri
606 1178 895 1256 castigare
953 1179 1129 1238 etiam
1186 1175 1407 1258 solent3
1469 1195 1581 1238 nec
1628 1176 1826 1238 verbis
1880 1177 2076 1238 solum
2132 1177 2238 1238 sed
2285 1178 2463 1238 etiam
2510 1194 2637 1236 ver-

274 1265 550 1346 beribuS‚
608 1268 660 1326 si
708 1263 850 1344 quid
897 1267 958 1327 in
1007 1266 1334 1327 domestico
1379 1265 1548 1327 luctu
1594 1265 1842 1327 hilarius
1889 1265 1962 1327 ab
2007 1268 2083 1327 iis
2128 1267 2351 1328 factum
2399 1274 2491 1326 est
2536 1273 2640 1325 aut

277 1354 523 1436 dictum,
568 1353 803 1434 plorare
852 1362 1089 1435 cogunt.
1183 1350 1385 1427 Quid?
1429 1356 1559 1435 ipsa
1605 1356 1880 1416 remissio
1926 1355 2126 1418 luctus
2174 1373 2313 1416 cum
2358 1361 2452 1416 est
2498 1372 2637 1415 con·

280 1451 486 1505 secuta
531 1443 1019 1524 intellectumque
1068 1452 1159 1506 est
1203 1443 1352 1505 nihil
1396 1444 1609 1523 profici
1653 1444 2001 1524 maerendo,
2055 1462 2255 1505 nonne
2301 1462 2400 1505 res
2446 1442 2637 1504 decla-

280 1541 375 1594 rat
419 1533 607 1594 fuisse
655 1542 844 1594 totum
891 1532 1037 1594 illud
1084 1528 1530 1597 voluntarium?
1603 1532 1758 1604 Quid
1805 1532 1903 1594 ille
1950 1534 2349 1595 Terentianus
2394 1535 2523 1612 ipse
2571 1550 2635 1593 se
2658 1544 2726 1596 65

277 1624 587 1702 poeniens‚
632 1620 693 1682 id
740 1630 833 1682 est
880 1615 1124 1684 ἑαυτὸν
1169 1613 1718 1702 τιμωρούμενοςῗ

647 1727 897 1789 decrevi
940 1725 1241 1806 tantisper
1286 1745 1380 1789 me
1425 1730 1624 1789 minus
1670 1727 1957 1803 iniuriae,

653 1816 953 1892 Chremes,
999 1834 1130 1879 meo
1172 1823 1363 1893 qnato
1403 1814 1651 1892 facere,
1689 1819 1831 1878 dum
1870 1816 2021 1891 fiam
2067 1821 2268 1879 miser.

276 1940 388 2003 Hic
448 1941 722 2002 decernit
781 1950 849 2003 ut
906 1943 1091 2003 miser
1150 1944 1245 2004 sit.
1335 1940 1493 2004 Num
1555 1943 1689 2021 quis
1748 1943 1932 2021 igitur
1988 1943 2309 2022 quicquam
2370 1943 2640 2004 decernit

276 2026 545 2092 invitus?

645 2117 816 2181 Malo
861 2122 1103 2194 quidem
1148 2137 1241 2180 me
1285 2120 1495 2195 quovis
1542 2121 1793 2195 diqnum
1842 2119 2136 2197 deputem.

277 2225 429 2287 Malo
492 2245 558 2286 se
623 2223 869 2305 dignum
934 2225 1203 2306 deputat,
1267 2227 1384 2286 nisi
1448 2228 1633 2287 miser
1698 2227 1792 2287 sit.
1885 2225 2061 2287 Vides
2128 2244 2272 2306 ergo
2339 2228 2637 2305 opinionis

280 2334 429 2398 esse,
478 2334 598 2379 non
645 2323 892 2377 naturae
940 2313 1175 2376 malum.

461 2404 633 2485 Quid,
681 2422 832 2484 quos
880 2422 978 2465 res
1022 2406 1150 2484 ipsa
1196 2403 1401 2483 lugere
1448 2400 1769 2484 prohibet?
1814 2412 1882 2465 ut
1928 2404 2085 2485 apud
2117 2404 2443 2466 Homerum
2492 2407 2637 2466 coti·

349 2645 511 2698 saepe
555 2628 632 2684 ist
674 2628 783 2684 mit
826 2630 933 2684 alii
976 2646 1044 2682 zu
1082 2628 1407 2696 verbinden,

281 2700 388 2756 wie
425 2717 584 2770 saepe
618 2701 782 2756 multi
815 2701 841 2754 I
879 2706 965 2768 30,
1007 2705 1089 2755 ⁷4.

572 2771 857 2826 Ennium:
919 2770 978 2825 in
1042 2771 1143 2825 der
1206 2770 1406 2825 Medea

281 2858 352 2899 ex
415 2886 430 2899 .
503 2844 571 2898 In
596 2842 907 2912 Euripides'
937 2841 1155 2908 Medea,
1195 2841 1404 2897 welche

282 2912 499 2969 Ennius
526 2931 650 2968 zum
660 2912 932 2969 Verbilde
960 2912 1168 2981 diente,
1186 2911 1405 2968 heffsen

284 2985 377 3040 die
413 2986 589 3041 Verse
624 3003 679 3039 v.
707 2990 777 3039 56
815 3001 906 3039 so·

283 3052 395 3126 ἐγὼ
444 3052 554 3126 γὰρ
600 3051 660 3118 ἐς
703 3050 868 3111 τοῦτ’
920 3049 1189 3180 {xssbsswt’
1239 3048 1405 3124 ἄλγη·

962 3144 1106 3196 01709,

282 3191 431 3261 a‘n'co'
472 3194 667 3268 ἵμερός
703 3194 770 3268 μ’
806 3192 1029 3268 ὑπῆλθε
1070 3198 1141 3266 γῇ
1180 3216 1239 3253 τε
1273 3192 1405 3252 κοῦ·

925 3268 1077 3342 ρανῷ

285 3338 473 3412 λέξαι,
538 3336 787 3413 polonien
843 3341 1042 3427 δεῦρο,
1108 3340 1407 3407 δεσποίνης

284 3482 492 3538 Medea
532 3499 650 3537 war
694 3501 806 3539 von
842 3408 1122 3538 ,1αεῖζίξῆιὶ
1165 3481 1406 3537 Korinth

278 3554 494 3610 treulos
532 3554 843 3612 verstol'sen
877 3553 1117 3610 worden.

352 3625 496 3695 Καρ.
533 3624 632 3682 27.
708 3632 793 3682 64.
849 3642 977 3681 vera
1032 3649 1101 3671 ε-
1158 3625 1308 3680 iusta
1362 3642 1402 3680 s.

279 3702 370 3766 29,
409 3702 494 3753 ⁷3.

351 3769 669 3824 declaratur
724 3799 791 3809 —
845 3768 1019 3837 quod:
1081 3767 1197 3823 Vor
1259 3768 1405 3837 quod

277 3838 359 3894 ist
393 3855 454 3895 eo
490 3858 560 3894 zu
596 3845 888 3909 ergssnzen.
944 3839 1014 3893 de
1044 3838 1134 3893 off.
1163 3840 1190 3894 I
1221 3844 1306 3906 18,
1335 3845 1399 3894 61

280 3911 601 3967 declaratur
655 3917 833 3967 autem
885 3911 1133 3966 studium
1189 3880 1411 3966 bellicae

277 3983 517 4053 oloriae,
566 3984 713 4052 quod
756 3987 972 4038 statuas
1019 3997 1229 4051 quoque
1261 3982 1408 4037 vide·

280 4070 406 4110 mus
440 4059 647 4109 ornatu
681 4053 796 4121 fere
830 4053 1081 4110 militari.

351 4126 517 4195 quasi
560 4125 736 4193 officii
779 4125 1016 4190 iudicio,
1069 4122 1122 4176 d.
1159 4123 1195 4180 i.
1245 4125 1409 4193 quasi

277 4198 595 4253 iudicantes
627 4211 684 4251 se
718 4197 902 4263 officio
936 4166 1269 4263 satisfacere.

353 4269 681 4333 humanius,
721 4265 1150 4336 ‘gemassigter’.
1224 4265 1277 4319 II
1315 4271 1403 4335 27,

283 4344 350 4396 65
386 4341 623 4396 humane
656 4338 858 4405 ferunt.

1586 2645 1697 2697 res,
1758 2628 1872 2683 ‘die
1918 2629 2265 2697 Thatsache,
2322 2628 2413 2684 die
2450 2629 2638 2683 Wirk-

1514 2698 1792 2755 lichkeit'.

1587 2776 1670 2826 65.
1708 2771 1773 2825 id
1808 2775 1886 2825 est
1922 2764 2131 2825 ἑαυτὸν
2164 2790 2217 2825 τι
2337 2770 2508 2826 ‘denn
2534 2771 2636 2827 das

1514 2840 1686 2896 heil'st
1720 2841 1868 2897 doch
1904 2860 1959 2895 ιι.
1981 2858 2025 2897 s.
2044 2842 2139 2896 w)
2288 2859 2321 2897 o
2360 2841 2473 2897 Cic.
2512 2841 2636 2898 eine

1513 2899 1899 2995 Ubersetznng
1918 2911 2071 2968 eines
2091 2912 2482 2983 griechischen
2496 2914 2636 2969 Aus-

1514 2983 1718 3038 drncks
1754 2982 1941 3054 giebt,
1985 2984 2116 3054 fugt
2163 3000 2225 3039 er
2258 2984 2420 3040 nicht
2456 2984 2638 3040 selben

1516 3073 1612 3109 zur
1673 3002 2048 3138 Erlgauterung
2117 3055 2216 3111 das
2278 3055 2637 3112 Griechische

1515 3126 1624 3180 mit
1670 3128 1734 3182 id
1783 3132 1861 3182 est
1913 3126 2022 3182 bei.
2094 3128 2313 3182 Ebenso
2367 3143 2528 3181 wenn
2577 3143 2638 3181 er

1518 3197 1660 3252 statt
1714 3198 1866 3252 eines
1920 3196 2001 3252 im
2056 3196 2271 3254 Latein.
2327 3197 2636 3268 gebrauch-

1515 3267 1705 3323 liehen
1751 3268 1916 3324 einen
1958 3266 2463 3337 ungewohnlichen
2499 3268 2636 3323 Ans-

1516 3338 1694 3394 druck
1730 3354 2066 3410 genommen
2101 3339 2216 3393 hat.
2290 3339 2341 3392 V
2379 3345 2430 3408 3,
2469 3345 2501 3394 9
2537 3339 2635 3395 hoe

1516 3426 1571 3465 se
1607 3412 1887 3480 appellare
1919 3410 2223 3478 sapientiae
2258 3383 2547 3476 studiosos,
2573 3411 2637 3466 id

1514 3486 1591 3536 est
1626 3482 1770 3537 enim
1798 3482 2164 3551 philosophos.
2242 3481 2417 3536 Acad.
2456 3481 2510 3536 11
2548 3487 2634 3551 29,

1515 3559 1582 3608 33
1634 3554 1926 3640 quiescere,
1980 3553 2042 3607 id
2095 3557 2172 3608 est
2224 3554 2371 3622 quod
2425 3554 2495 3609 ab
2549 3554 2636 3609 his

1515 3624 1722 3679 dicitur
1758 3618 2086 3711 ἡσυχάζειν.

1583 3695 1829 3750 Decrevi.
1907 3695 2032 3751 Ter.
2072 3690 2317 3751 Ἑαυτὸν
2363 3716 2473 3767 τιμ.
2519 3696 2546 3748 Ι
2586 3699 2635 3766 1,

1514 3771 1598 3821 95.
1650 3764 1756 3822 Die
1792 3766 1967 3822 Verse
2006 3766 2220 3837 spricht
2254 3740 2634 3836 Menedemus,

1512 3837 1703 3892 indem
1740 3854 1802 3893 er
1838 3837 1961 3894 sich
2006 3839 2182 3894 selbst
2218 3838 2459 3893 darfiber
2494 3838 2632 3894 Vor-

1519 3909 1693 3964 wfirfe
1729 3910 1949 3978 mecm,
1993 3908 2117 3965 dass
2155 3926 2217 3964 er
2251 3908 2443 3964 seinen
2481 3908 2635 3964 Sohn

1516 3996 1714 4050 wegen
1762 3952 2227 4037 unord'entlichen
2262 3979 2633 4036 Lebenswan·

1516 4050 1634 4105 dels
1671 4068 1770 4106 aus
1796 4052 1922 4106 dem
1951 4052 2139 4107 Hause
2168 4049 2478 4106 verstol'sen
2513 4052 2630 4107 hat.

1585 4139 1716 4190 meO,
1753 4122 1831 4177 ist
1868 4121 2130 4206 einsilbig
2165 4141 2233 4177 zu
2268 4121 2442 4177 lesen.

1584 4195 1828 4263 deputat,
1864 4193 1939 4249 ist
1974 4197 2131 4249 sonet
2165 4192 2226 4247 in
2264 4194 2437 4249 Ptosa
2471 4192 2634 4249 nicht

1512 4265 1927 4335 gebrauchlieh.
2006 4306 2010 4317 ,

1582 4338 1739 4407 apud
1764 4337 2078 4393 Homerum.
2135 4336 2242 4392 Mit
2268 4337 2379 4392 den
2397 4337 2633 4392 Worten

274 730 436 792 Haec
484 733 681 792 omnia
728 738 917 812 recta,
976 748 1144 812 vera,
1200 728 1398 793 dehita
1443 738 1722 811 putantes
1778 731 2005 792 faciunt
2058 733 2122 792 in
2168 731 2398 836 dolore,
2455 733 2636 792 maxi·
2657 687 2742 817 {Z
