2902 4649
617 145 1218 203 TUSCULANARUM
1255 148 1866 206 DISPUTATIONUM
1903 152 1997 206 IV.
2041 158 2195 207 1—3.
2490 153 2571 217 51

221 333 289 377 ac
330 317 760 394 temperatione
808 316 1061 377 civitatis
1106 315 1447 395 loquamur:
1504 316 1633 378 aliis
1686 317 1834 378 haec
1890 318 2039 379 locis
2098 321 2242 380 satis
2298 328 2574 381 accurate

220 423 252 464 a
297 403 470 465 nobis
516 404 671 466 dicta
719 411 859 465 sunt
903 406 1279 484 maximeque
1325 406 1388 465 in
1435 407 1511 466 iis
1549 424 1652 467 sex
1689 405 1887 487 libris,
1933 424 2084 486 quos
2123 408 2195 468 de
2233 426 2300 469 re
2336 408 2575 488 publica

219 494 584 573 scripsimus.
675 492 802 553 Hoc
867 499 1067 554 autem
1132 493 1269 554 loco
1331 494 1733 556 consideranti
1798 495 1944 556 mihi
2002 497 2199 558 studia
2267 496 2571 559 doctrinae
2595 512 2626 560 2

218 582 402 643 multa
448 601 589 644 sane
637 589 967 643 occurrunt
1014 599 1123 642 cur
1160 600 1230 643 ea
1267 600 1507 662 quoque
1546 586 1830 645 arcessita
1866 584 2104 646 aliunde
2144 604 2340 665 neque
2379 585 2570 648 solum

218 672 504 753 expetita,
551 671 657 733 sed
702 672 880 732 etiam
927 680 1275 733 conservata
1329 679 1390 733 et
1435 672 1595 733 culta
1640 673 1969 735 videantur.
2059 674 2204 737 Erat
2251 677 2409 736 enim
2455 675 2575 736 illis

214 778 404 841 paene
468 763 531 821 in
561 777 570 786 ·
597 767 921 840 conspectu
978 764 1304 839 praestanti
1362 764 1652 842 sapientia
1719 771 1779 823 et
1833 762 2139 825 nobilitate
2195 762 2575 847 Pythagoras,

216 851 321 929 qui
385 850 501 911 fuit
562 851 626 909 in
691 848 858 911 ltalia
923 849 1294 929 temporibus
1359 850 1578 932 isdem,
1643 850 1861 931 quibus
1914 851 1978 914 L.
2035 852 2260 913 Brutus
2322 856 2575 934 patriam

213 938 513 1020 liberavit,
584 937 928 1018 praeclarus
1001 945 1242 1018 auctor¹
1284 939 1609 1002 nobilitatis
1682 949 1837 1002 tuae.
1939 939 2308 1021 Pythagorae
2374 950 2573 1004 autem

214 1027 487 1092 doctrina
532 1045 669 1088 cum
714 1026 890 1105 longe
935 1026 1173 1107 lateque
1227 1027 1469 1111 flueret,
1525 1032 1963 1109 permanavisse
2019 1030 2166 1091 mihi
2221 1030 2456 1092 videtur
2510 1034 2573 1092 in
2660 1039 2671 1072 '-

152 1173 158 1179 .
212 1116 364 1178 hanc
413 1118 737 1197 civitatem,
790 1115 972 1196 idque
1022 1135 1158 1177 cum
1206 1119 1553 1179 coniectura
1605 1117 1913 1199 probabile
1969 1127 2088 1200 est,
2144 1128 2271 1181 tum
2329 1120 2572 1199 quibus·

213 1205 348 1267 dam
397 1208 575 1267 etiam
620 1206 886 1284 vestigiis
930 1204 1244 1267 indicatur.
1340 1207 1488 1278 Quis
1535 1209 1693 1268 enim
1741 1215 1835 1269 est
1881 1210 1985 1288 qui
2030 1216 2225 1290 putet,
2284 1227 2422 1270 cum
2468 1209 2572 1269 flo-

214 1302 380 1356 reret
425 1296 488 1356 in
534 1293 697 1355 Italia
746 1293 993 1355 Graecia
1037 1296 1473 1373 potentissimis
1527 1303 1589 1357 et
1638 1299 1910 1357 maximis
1958 1297 2209 1358 urbibus
2220 1346 2236 1378 ,
2295 1316 2362 1358 ea
2420 1316 2571 1377 quae

213 1401 428 1464 magna
465 1383 621 1444 dicta
660 1390 778 1465 est,
823 1385 886 1444 in
925 1384 1118 1462 iisque
1155 1387 1415 1463 primum
1453 1387 1644 1465 ipsius
1682 1383 2076 1468 Pythagorae,
2113 1385 2326 1448 deinde
2366 1397 2573 1467 postea

209 1472 725 1553 Pythagoreorum
760 1478 992 1534 tantum
1031 1491 1249 1534 nomen
1287 1482 1474 1555 esset,
1517 1483 1866 1537 nostrorum
1901 1474 2211 1537 hominum
2249 1476 2322 1536 ad
2362 1494 2571 1537 eorum

211 1561 587 1624 doctissimas
625 1579 800 1621 voces
839 1578 1016 1621 aures
1054 1559 1284 1623 clausas
1321 1559 1552 1624 fuisse?
1617 1562 1776 1634 Quin
1813 1566 1990 1625 etiam
2028 1563 2289 1626 arbitror
2323 1572 2623 1645 propter3

207 1648 722 1730 Pythagoreorum
778 1649 1227 1711 admirationem
1283 1651 1534 1712 Numam
1591 1671 1829 1732 quoque
1885 1671 2087 1733 regem
2134 1653 2572 1733 Pythagoreum

210 1757 242 1799 a
294 1737 739 1820 posterioribus
779 1739 1225 1808 existimatum:
1281 1758 1418 1802 nam
1477 1760 1614 1802 cum
1668 1739 2034 1822 Pythagorae
2092 1741 2464 1823 disciplinam
2511 1750 2573 1804 et

207 1829 485 1890 instituta
551 1835 983 1907 cognoscerent
1042 1830 1323 1909 regisque
1390 1831 1522 1891 eius
1585 1833 1945 1910 aequitatem
2008 1839 2069 1893 et
2134 1834 2483 1912 sapientiam
2539 1849 2573 1893 a

206 1916 537 1979 maioribus
595 1918 720 1977 suis
776 1918 1176 1999 accepissent,
1236 1926 1461 1980 aetates
1515 1927 1714 1994 autem
1779 1929 1840 1981 et
1904 1928 2173 2001 tempora
2226 1924 2573 2000 ignorarent

206 2014 460 2086 propter
496 2012 879 2085 vetustatem,
926 2023 1091 2087 eum,
1140 2008 1244 2085 qui
1281 2010 1570 2087 sapientia
1608 2007 1954 2091 excelleret,
2000 2007 2369 2089 Pythagorae
2408 2009 2569 2070 audi·

208 2101 404 2156 torem
435 2093 821 2156 crediderunt
847 2095 1052 2155 fuisse.
1107 2093 1184 2156 Et
1212 2095 1287 2156 de
1316 2098 1659 2158 coniectura
1690 2097 1932 2176 quidem
1957 2097 2264 2160 hactenus,
2312 2098 2569 2179 vestigia
2589 2097 2632 2161 2
2744 2106 2753 2111 “
2796 2107 2811 2119 ⁴
2868 2145 2877 2158 .

212 2191 415 2245 autem
479 2183 992 2263 Pythagoreorum
1058 2202 1416 2264 quamquam
1481 2184 1667 2246 multa
1731 2186 1948 2265 conligi
2011 2196 2292 2268 possunt,
2363 2190 2572 2268 paucis

209 2278 411 2333 tamen
471 2280 739 2353 utemur,
805 2274 1085 2352 quoniam
1142 2290 1262 2334 non
1316 2272 1376 2334 id
1435 2276 1632 2353 agitur
1685 2274 1800 2337 hoc
1861 2282 2146 2356 tempore.
2239 2276 2387 2338 Nam
2434 2295 2571 2339 cum

210 2360 579 2423 carminibus
626 2361 786 2423 soliti
840 2361 924 2423 illi
972 2380 1104 2423 esse
1151 2363 1427 2425 dicantur
1475 2372 1535 2426 et
1577 2373 1895 2445 praecepta
1942 2365 2231 2446 quaedam
2277 2366 2570 2428 occultius

279 2503 334 2552 2.
374 2497 663 2565 arcessita,
692 2497 942 2553 namlich
968 2498 1028 2552 in
1057 2515 1118 2554 so
1147 2498 1341 2553 friiher

213 2566 338 2625 Zeita
402 2569 488 2621 als
526 2568 872 2639 Verfassung
936 2570 1051 2625 und
1087 2568 1338 2640 ·Kriegs-

209 2656 403 2695 wesen
439 2640 797 2709 ausgebildet
830 2641 1038 2696 wurde.

276 2711 596 2779 nobilitate,
643 2711 895 2766 namlich
938 2712 1122 2778 famae
1159 2716 1208 2766 et
1243 2728 1338 2766 no·

207 2782 404 2848 minis,
458 2782 717 2838 dasselbe
774 2781 880 2837 wie
940 2783 1267 2839 auctoritate
1311 2784 1337 2837 I

211 2859 304 2922 16,
344 2858 433 2908 38.

278 2925 378 2994 qui
414 2924 529 2991 fuit
566 2925 671 2978 cet.
733 2925 785 2980 S.
811 2943 856 2979 z.
880 2924 1014 2994 116,
1034 2930 1120 2981 38.
1175 2925 1339 2980 Nach

209 2993 308 3049 der
379 2994 814 3065 gewohnlichen
877 2996 1110 3065 Angabe
1182 2997 1338 3052 starb

207 3065 561 3137 Pythagoras
599 3071 703 3121 510
741 3086 809 3122 zu
844 3066 1075 3122 Kxoton.

281 3142 477 3192 auctor
498 3137 806 3193 nobilitatis
825 3143 969 3205 tuae,
983 3138 1083 3192 der
1095 3139 1335 3193 Stamm·

207 3209 371 3263 vater
390 3207 581 3263 deines
594 3209 939 3265 vornehmen
949 3209 1332 3267 Geschlechts.

281 3280 439 3349 lonye
477 3280 584 3335 late
616 3296 686 3335 ue
716 3282 922 3349 flueret.
995 3279 1102 3336 Die
1129 3281 1333 3352 pytha—

249 3350 545 3405 orffischen
584 3297 839 3407 qureine
903 3349 1158 3407 bildeten
1224 3351 1334 3406 den

268 3422 584 3492 ittelpunkt
666 3422 765 3477 der
835 3422 1333 3479 aristokratischen

207 3491 475 3548 Parteien
518 3493 631 3548 und
682 3493 1084 3549 beherrschten
1130 3511 1192 3550 so
1240 3495 1331 3550 die

210 3562 508 3619 dorischen
545 3563 745 3620 stadte
784 3564 1207 3635 UnteritalienS,
1243 3566 1331 3622 bis

208 3634 289 3689 sie
325 3651 442 3690 von
476 3634 576 3691 der
609 3636 973 3692 Demokratie
1013 3638 1331 3693 verti-leben

208 3705 460 3761 wurden.

282 3783 332 3832 3.
384 3777 631 3831 Nwmam
693 3793 901 3848 quoque
962 3794 1152 3849 reyem,
1226 3778 1332 3833 Die

211 3845 357 3929 Sage
391 3847 471 3902 ist
507 3847 759 3903 dadurch
798 3848 1160 3917 entstanden,
1212 3847 1333 3903 dass

211 3917 376 3973 beide
439 3918 531 3972 fiir
594 3918 1046 3992 wunderthatige
1102 3920 1335 3975 Mannei-

312 3991 436 4059 ten,
476 3989 567 4044 die
604 3990 710 4045 mit.
739 3989 974 4045 Gottern
1010 3990 1071 4045 in
1147 3997 1331 4046 erson-

237 4060 416 4115 'chem
434 4059 696 4116 Verkehr
721 4062 983 4131 standen,
1019 4079 1096 4115 un
1170 4061 1332 4118 beide

212 4131 388 4188 durch
439 4131 960 4204 sittlich-religiose
1012 4132 1333 4204 Satzungen

212 4203 328 4257 und
372 4205 524 4259 sta-en
565 4219 594 4258 e
631 4203 924 4275 Regelung
969 4204 1068 4260 des
1114 4205 1331 4260 Lebens

214 4272 307 4328 die
342 4275 533 4332 Mense
576 4291 648 4330 en
678 4294 746 4330 zu
782 4276 1039 4332 erziehen
1079 4277 1328 4332 suchten.

214 4343 324 4399 Zur
362 4347 482 4404 Zeit
537 4347 637 4403 der
691 4346 1163 4419 Samniterkriege
1176 4390 1190 4419 ,
1246 4348 1329 4404 als

1447 2499 1558 2554 den
1583 2499 1825 2556 Romern
1864 2500 1965 2556 das
2003 2501 2332 2572 delphische
2362 2502 2570 2558 Orakel
2657 2543 2663 2551 -

1444 2571 1792 2641 vorschrieb‚
1814 2572 1943 2627 dem
1962 2573 2279 2629 Weisesten
2297 2574 2415 2628 und
2440 2575 2571 2639 dem

1446 2641 1783 2711 Tapfersten
1844 2643 1943 2697 der
1998 2643 2276 2700 Griechen
2333 2644 2569 2701 Statuen

1445 2730 1515 2766 zu
1552 2715 1763 2782 setzen‚
1814 2714 2062 2769 wahlten
2099 2715 2179 2769 sie
2214 2716 2567 2786 Pythagoras

1444 2784 1560 2837 und
1586 2783 1911 2839 Alcibiades
1938 2802 2065 2854 aus,
2094 2803 2312 2842 woraus
2340 2788 2568 2843 hervor-

1444 2854 1609 2924 geht,
1659 2854 1780 2910 dass
1833 2856 1912 2911 sie
1964 2856 2181 2912 damals
2227 2859 2567 2928 wenigstens

1446 2941 1559 2980 von
1604 2926 1733 2985 dem
1776 2925 1999 2997 grossen
2035 2928 2417 2998 Philosophen
2452 2929 2565 2984 Un-

1445 2997 1759 3053 teritaliens
1798 2998 2067 3070 warsten„
2127 2999 2272 3055 Plin.
2324 3019 2379 3056 n.
2434 3001 2566 3056 hist.

1444 3067 1681 3123 XXXIV
1738 3075 1831 3136 12,
1886 3077 1970 3125 26.
2044 3058 2235 3126 Altero
2290 3071 2569 3127 Kenntnis

1446 3138 1544 3193 des
1592 3140 1940 3212 Pythagoras
1995 3142 2111 3196 und
2156 3141 2339 3198 seiner
2382 3143 2564 3197 Lehre

1442 3209 1579 3265 leret
1616 3210 1738 3266 sich
1781 3211 1991 3282 jedoch
2035 3212 2128 3268 bei
2175 3213 2282 3267 den
2319 3213 2566 3268 Romern

1440 3280 1603 3336 nicht.
1617 3283 1989 3337 nacbweisen.
2025 3281 2199 3349 {Denn
2216 3300 2331 3339 was
2351 3282 2464 3340 Cic.
2484 3285 2565 3339 im

1441 3352 1579 3421 folg.
1602 3354 1742 3422 Καρ.
1763 3353 2076 3423 vorbringt,
2102 3353 2341 3409 beweist
2359 3355 2561 3411 nichts.

1513 3423 1654 3493 Καρ.
1693 3423 1751 3480 2.
1818 3425 2170 3480 carminibus.
2227 3425 2332 3480 Die
2353 3425 2562 3483 Sitten-

1442 3496 1682 3566 spriiche
1722 3494 1822 3550 der
1857 3495 2006 3565 Pyth
2082 3500 2243 3551 στᾶθι·
2278 3514 2467 3553 waren
2502 3497 2563 3553 in
2640 3544 2654 3552 .
2726 3522 2745 3545 ι

1439 3566 1770 3622 metrischer
1793 3566 1978 3624 Form.
2085 3583 2118 3623 o
2148 3567 2402 3624 erwahnt
2427 3567 2564 3625 Dio·

1439 3653 1611 3707 genes
1648 3637 1814 3693 einen
1851 3635 2003 3708 ῑερός
2029 3637 2194 3709 λόγος
2227 3640 2325 3694 des
2352 3640 2563 3710 Pytha.-

1438 3722 1637 3778 gora33
1676 3709 1794 3763 und
1831 3709 2149 3795 ebendahin
2183 3711 2434 3781 gehoren
2471 3711 2562 3768 die

1438 3778 2563 3932 fflgcffilgatlhssgngssnffiffi‘bssrgfflyblgrng

1441 3920 1593 3976 We1l
1656 3921 1747 3977 die
1810 3921 2198 3995 Pythagoram·
2259 3925 2561 3980 metrische

1441 3992 1692 4116 SHffiche
1764 3993 1967 4078 hatten
2038 3995 2153 4049 und
2216 3994 2308 4051 die
2330 4067 2342 4079 α
2373 3996 2562 4052 Musik

1438 4065 1715 4191 &grigi-1²
1726 4065 2079 4193 ἶίῑίἐξίακξξῒιῗῐ
2088 4067 2559 4196 εὲξθξῃὼθὶιξξέἑ

1436 4205 1619 4333 gig&
1631 4205 1722 4261 die
1749 4155 2229 4280 pythagoreisehg
2253 4181 2434 4267 Lehre
2462 4228 2557 4283 ge-

1507 4355 1802 4420 praecepta
1846 4367 1935 4421 qu.
1979 4367 2085 4408 occ.
2161 4352 2240 4406 Zu
2288 4352 2418 4409 dem
2466 4370 2556 4408 en-

2057 4440 2131 4495 4*
