2902 4649
316 130 358 195 8
1107 129 1181 186 Μ.
1220 128 1470 184 TULLII
1507 128 1893 186 CICERONIS

319 297 472 376 cavi,
529 313 679 374 quae
736 295 809 356 de
857 298 1128 359 maximis
1176 295 1629 375 quaestionibus
1676 297 1917 374 copiose
1961 301 2169 374 posset
2214 304 2541 375 ornateque
2589 299 2685 360 di·

320 402 485 466 cere,
522 386 585 445 in
614 402 791 467 quam
820 387 1306 449 exercitationem
1344 388 1426 446 ita
1465 403 1576 446 nos
1614 384 1879 446 studiose
1909 383 2210 465 dedimuS,
2237 391 2306 445 ut
2340 386 2458 446 iam
2494 389 2681 448 etiam

319 473 553 535 scholas
599 472 965 535 Graecorum
1008 492 1174 535 more
1220 473 1440 535 habere
1490 474 1865 547 auderemus,
1957 471 2036 533 Ut
2080 491 2274 553 nuper
2321 481 2493 535 tuum
2538 484 2679 556 post

319 561 655 625 discessum
698 564 762 624 in
808 562 1175 645 Tusculano,
1234 581 1375 624 cum
1420 570 1624 624 essent
1671 561 2009 641 complures
2056 579 2289 623 mecum
2337 563 2685 641 familiareS,

318 654 603 731 temptavi
646 651 790 730 quid
836 653 899 712 in
946 670 1016 712 eo
1064 670 1282 732 genere
1330 670 1586 732 possem.
1678 650 1757 712 Ut
1803 652 1962 712 enim
2008 657 2181 711 antea
2227 650 2679 714 declamitabam

318 757 554 821 causas,
601 740 760 820 quod
809 758 983 801 nemo
1031 759 1125 803 me
1164 740 1392 803 diutius
1436 741 1605 821 fecit,
1651 742 1738 801 sic
1775 739 1922 800 haec
1959 738 2105 800 mihi
2142 758 2303 801 nunc
2342 741 2546 802 senilis
2584 750 2680 803 est

267 828 687 893 8declamatio.
770 829 1002 891 Ponere
1050 828 1329 891 iubebam
1375 829 1449 890 de
1497 848 1615 908 quo
1663 830 1799 908 quis
1845 828 2050 889 audire
2097 828 2300 889 vellet:
2349 828 2419 889 ad
2467 830 2526 891 id
2574 838 2679 891 aut
2787 870 2791 872 ἡ

321 917 537 979 sedens
594 925 695 981 aut
745 917 1054 979 ambulans
1102 917 1492 997 disputabam.
1573 917 1780 996 Itaque
1828 916 2061 978 dierum
2110 919 2375 996 quinque
2422 918 2682 1001 scholas,

320 1014 389 1067 ut
435 1005 646 1068 Graeci
693 1005 1021 1087 appellant,
1078 1009 1140 1067 in
1187 1005 1436 1069 totidem
1481 1006 1667 1068 libros
1723 1004 1967 1067 contuli.
2058 1005 2265 1067 Fiebat
2324 1015 2523 1069 autem
2577 1010 2683 1089 ita,

318 1101 393 1155 ut
434 1113 569 1156 cum
617 1097 699 1176 is,
741 1097 844 1175 qui
883 1095 1090 1157 audire
1126 1096 1329 1177 vellet,
1376 1095 1624 1158 dixisset
1670 1094 1814 1174 quid
1856 1092 1972 1154 sibi
2008 1093 2343 1176 videretur,
2388 1104 2517 1157 tum
2563 1112 2678 1176 ego

320 1191 530 1245 contra
575 1183 855 1245 dicerem.
935 1184 1106 1246 -Haec
1153 1192 1245 1245 est
1290 1186 1476 1265 enim,
1532 1191 1600 1245 ut
1647 1185 1792 1265 sciS,
1847 1190 2019 1243 vetus
2065 1191 2126 1243 et
2174 1182 2477 1245 Socratica
2522 1188 2676 1247 ratio

319 1279 528 1333 contra
574 1271 818 1335 alterius
876 1275 1215 1353 opinionem
1271 1272 1633 1353 disserendi3
1688 1290 1823 1333 nam
1880 1274 1961 1332 ita
2018 1271 2293 1333 facillime
2350 1273 2493 1352 quid
2550 1276 2675 1351 veri

320 1360 681 1421 simillimum
744 1370 903 1424 esset
959 1364 1215 1425 inveniri
1278 1380 1455 1442 posse
1518 1360 1797 1422 Socrates
1856 1358 2274 1423 arbitrabatur.
2370 1362 2487 1422 Sed
2553 1381 2674 1442 quo

320 1448 690 1511 commodius
719 1450 1148 1532 disputationes
1179 1459 1416 1512 nostrae
1457 1449 1858 1529 explicentur,
1893 1450 1981 1509 sic
2019 1467 2119 1509 eas
2156 1467 2474 1532 exponam,
2504 1454 2675 1530 quasi

321 1546 529 1618 agatur
575 1557 703 1621 reS,
747 1558 868 1601 non
915 1542 1087 1620 quasi
1132 1547 1429 1601 narretur.
1520 1537 1680 1617 Ergo
1727 1541 1808 1599 ita
1855 1545 2139 1599 nascetur
2184 1539 2513 1600 exordium.

498 1627 569 1688 A.
616 1627 868 1690 Malum
916 1627 1089 1690 mihi
1136 1628 1425 1691 videtur
1472 1645 1632 1688 esse
1678 1645 1883 1687 mors.
1951 1627 2036 1686 M.
2082 1625 2268 1708 lisne,
2316 1629 2419 1706 qui
2457 1631 2680 1690 mortui

322 1723 489 1796 sunt,
537 1734 611 1776 an
647 1718 750 1797 iis,
798 1717 1016 1797 quibus
1053 1716 1431 1778 moriendum
1468 1712 1604 1777 est‘?
1657 1718 1725 1776 A.
1764 1714 2064 1794 Utrisque.
2123 1717 2208 1777 M.
2246 1714 2356 1777 Est
2394 1719 2681 1778 miserum

320 1804 529 1884 igitur,
576 1809 855 1884 quoniam
904 1806 1139 1868 malum.
1232 1807 1300 1866 A.
1349 1804 1544 1866 Certe.
1636 1805 1721 1864 M.
1771 1802 1931 1883 Ergo
1978 1812 2040 1864 et
2084 1805 2154 1885 ii,
2215 1802 2434 1883 quibus
2483 1809 2688 1868 evenit

322 1893 439 1952 iam
485 1900 553 1953 ut
599 1902 1006 1976 morerentur,
1054 1903 1114 1955 et
1158 1896 1227 1975 ii,
1272 1893 1496 1973 quibus
1542 1900 1897 1953 eventurum
1944 1900 2062 1973 est,
2109 1895 2330 1954 miseri.
2416 1895 2485 1955 A.
2533 1894 2681 1955 Mihi

321 1982 401 2042 ita
449 1981 701 2042 videtur.
793 1984 878 2044 M.
926 1982 1112 2043 Nemo
1152 2001 1295 2062 ergo
1334 2000 1451 2043 non
1494 1982 1693 2042 miser.
1782 1981 1853 2042 A.
1892 1979 2151 2042 Prorsus
2190 1999 2382 2042 nemo.
2476 1984 2559 2043 M.
2604 1982 2686 2044 Et

323 2069 589 2151 quidem,
639 2073 690 2131 si
736 2070 845 2132 tibi
892 2080 1165 2133 constare
1213 2073 1328 2151 νίς,
1375 2089 1612 2152 omneS,
1658 2071 2022 2151 quicumque
2060 2071 2184 2130 nati
2233 2078 2374 2132 sunt
2411 2081 2686 2153 eruntve,

322 2176 442 2219 non
499 2158 691 2242 solum
747 2162 980 2241 miseri,
1045 2160 1150 2221 sed
1207 2162 1384 2221 etiarn
1444 2177 1683 2239 semper
1741 2160 1962 2219 miseri.
2053 2158 2201 2219 Nam
2259 2161 2310 2219 si
2365 2159 2522 2221 solos
2579 2179 2682 2222 eos

323 2246 558 2308 diceres
623 2250 901 2331 miseros,
966 2249 1185 2329 quibus
1250 2248 1626 2309 moriendum
1692 2255 1879 2328 esset,
1945 2250 2241 2308 neminem
2306 2255 2370 2308 tu
2438 2248 2682 2329 quidem

324 2354 560 2418 eorum,
599 2339 703 2416 qui
738 2340 1031 2420 viverent,
1069 2341 1378 2418 exciperes
1414 2371 1490 2381 -
1525 2336 1899 2397 moriendum
1938 2344 2031 2396 est
2068 2339 2225 2397 enim
2266 2337 2543 2399 omnibus
2573 2372 2683 2422 -,

324 2433 485 2487 esset
530 2433 730 2488 tamen
775 2428 1050 2488 miseriae
1098 2428 1232 2488 finis
1279 2429 1340 2487 in
1389 2433 1609 2507 morte3
1657 2426 1935 2504 quoniam
1984 2433 2184 2486 autem
2232 2427 2408 2487 etiam
2457 2429 2681 2489 mortui

268 1679 300 1728 9

393 2597 459 2652 iu
546 2613 678 2652 uam
726 2613 828 2652 nos
871 2597 1133 2654 dedimus.
1207 2598 1273 2653 In
1309 2598 1448 2668 glei—
1556 2603 1615 2665 9,
1649 2601 1714 2650 18
1744 2596 1820 2650 ad
1846 2611 1911 2650 ea
1937 2595 2203 2664 disputat.
2275 2594 2402 2665 Vgl.
2432 2614 2487 2665 p.
2517 2597 2685 2653 Rosc.

324 2667 459 2730 cher
568 2667 853 2739 edentung
929 2668 1073 2724 ‘sich
1136 2668 1444 2739 hingeben'
1555 2670 1679 2722 Am.
1730 2672 1827 2734 40,
1868 2671 1971 2721 116
2020 2668 2147 2722 tecti
2195 2682 2304 2723 esse
2352 2668 2429 2723 ad
2475 2668 2692 2725 alienos

321 2737 467 2794 vird
503 2738 605 2794 das
643 2739 889 2794 Verbum
937 2740 1044 2794 mit
1090 2741 1166 2795 ad
1208 2741 1449 2796 verbun-
1548 2754 1856 2808 possumus.
2097 2791 2102 2796 .

323 2809 448 2865 den.
523 2809 593 2864 de
629 2809 780 2865 deor.
819 2828 872 2865 n.
911 2811 938 2864 I
974 2817 1035 2879 4,
1064 2817 1095 2866 9
1132 2813 1185 2866 si
1218 2828 1302 2867 me
1335 2827 1451 2866 nou
1627 2814 1679 2865 8.
1717 2809 2006 2864 Socratica
2039 2810 2215 2876 ratio,
2263 2809 2515 2866 namlich
2559 2810 2687 2866 dass

312 2881 482 2938 modo
528 2882 604 2935 ad
640 2881 888 2950 legendos
934 2882 1104 2937 libros
1146 2883 1241 2937 sed
1285 2884 1450 2938 etiam
1557 2897 1691 2936 man
1735 2880 1828 2934 bei
1858 2879 2022 2950 jeder
2058 2880 2237 2949 Frage
2283 2880 2383 2936 das
2420 2881 2533 2934 Fur
2567 2882 2688 2948 und

324 2952 401 3006 ad
449 2956 620 3006 totam
654 2952 1063 3021 philosophiam
1104 2957 1448 3022 pertractau-
1557 2950 1754 3006 Wider
1791 2952 2005 3020 erwagt
2039 2951 2181 3019 und,
2221 2951 2366 3007 ohne
2394 2950 2516 3005 dass
2553 2968 2688 3008 man

323 3023 454 3077 dam
488 3022 766 3077 dedissem.
1560 3022 1671 3077 den
1705 3021 2016 3091 Ansprnch·
2037 3021 2398 3078 bestimmten
2432 3022 2690 3080 Wissens

393 3093 607 3148 scholae
643 3091 769 3148 sind
796 3093 1100 3165 Vol-trago,
1137 3093 1234 3150 bei
1268 3095 1451 3151 denen
1561 3092 1786 3160 erhebt,
1812 3092 1933 3148 sich
1960 3092 2067 3148 mit
2094 3093 2195 3147 der
2212 3092 2566 3163 Anffindung.
2584 3094 2690 3149 des

325 3163 494 3219 Einer
529 3162 772 3233 spricht,
814 3163 906 3220 die
942 3166 1170 3221 Andern
1207 3166 1453 3221 zuhoren
1562 3156 2121 3219 Wahrscheifflichen
2141 3164 2410 3235 begniigt.
2469 3164 2539 3219 de
2568 3165 2683 3221 div.

324 3235 441 3290 und
464 3252 571 3289 nur
598 3235 762 3290 einen
781 3234 1052 3291 Einwand
1072 3237 1324 3303 machon,
1355 3253 1453 3290 um
1559 3234 1613 3289 II
1645 3240 1730 3303 72,
1763 3240 1865 3290 150
1894 3251 2017 3290 cum
2045 3237 2342 3304 proprium
2367 3237 2441 3291 sit
2471 3235 2687 3293 Acade-

325 3305 454 3362 dem
482 3306 712 3364 Andern
738 3306 1108 3377 Gelegenheit
1133 3326 1201 3361 zu
1227 3307 1451 3364 Erorte-
1558 3306 1702 3361 miae
1746 3306 2020 3361 iudicium
2061 3323 2223 3361 suum
2258 3308 2475 3361 nullum
2517 3308 2688 3363 iuter-

324 3394 540 3447 rungen
576 3394 642 3432 zu
677 3377 890 3447 geben,
927 3378 1014 3438 dis
1176 3379 1326 3434 iones
1352 3378 1450 3433 da.-
1553 3392 1783 3446 ponere,
1846 3377 2131 3432 tenebinus
2192 3378 2338 3432 hauc
2401 3375 2687 3434 cousuetu-

325 3463 507 3518 gegen
517 3446 1017 3519 Wechselgesprnc
1058 3465 1106 3504 e.
1132 3448 1186 3502 S.
1196 3449 1342 3503 Einl.
1357 3454 1448 3514 52.
1558 3448 1742 3502 dinem
1770 3465 1808 3502 a
1834 3447 2060 3502 Socrate
2096 3448 2379 3505 traditam.
2456 3449 2628 3505 Acad.
2660 3449 2687 3502 Ι

396 3523 554 3572 tuum
584 3523 711 3587 post
744 3521 1037 3574 discessum
1073 3536 1117 3576 s.
1157 3519 1303 3575 EinL
1337 3525 1370 3586 5
1397 3526 1447 3574 4.
1561 3523 1612 3586 4,
1637 3523 1701 3571 17
1722 3517 2009 3574 Socratica
2027 3519 2315 3575 dubitatio.
2342 3519 2396 3575 S.
2416 3519 2563 3575 Einl.
2583 3524 2614 3586 5
2635 3527 2687 3576 2.

397 3589 544 3658 quod
577 3605 760 3643 nemo:
796 3590 850 3643 d.
879 3590 917 3646 i.
953 3590 1090 3645 kein
1115 3591 1451 3646 v'ornehmer
1630 3587 1773 3658 Καρ.
1811 3585 1871 3644 5.
1946 3595 1995 3646 9.
2024 3591 2096 3647 Α.
2125 3575 2278 3645 Uber
2305 3589 2396 3645 die
2423 3591 2689 3661 Bezeich·

327 3660 552 3715 Romer.
624 3660 823 3715 Zuerst
866 3679 933 3714 zu
984 3659 1167 3716 seiner
1215 3660 1454 3731 eigenen
1560 3676 1716 3728 nung
1751 3676 1794 3714 s.
1832 3658 1978 3716 Einl.
2016 3665 2047 3727 5
2084 3668 2133 3716 3.

326 3730 706 3801 Ausbildung,
735 3730 886 3785 daun
908 3748 1006 3785 zur
1022 3730 1455 3802 Unterweisung
1636 3730 1879 3785 Prorsus
1914 3747 2068 3786 nemo
2111 3732 2187 3787 ist
2230 3731 2390 3787 nicht
2425 3732 2685 3790 dasoelbe

325 3802 602 3872 Jiingerer
674 3801 810 3857 flbte
874 3800 986 3858 Cic.
1056 3802 1454 3859 redneriscben
1562 3800 1668 3855 wie
1706 3803 1928 3857 omnino
1964 3819 2147 3870 nemo,
2184 3803 2425 3859 sondem
2450 3820 2691 3873 prorsus

327 3871 573 3943 Vol-trag
607 3871 670 3926 in
704 3872 1086 3942 griechischer
1128 3873 1242 3928 und
1288 3873 1455 3928 latei·
1560 3871 1913 3941 bezeichnet,
1967 3872 2091 3928 dass
2147 3874 2246 3928 der
2281 3875 2688 3931 Antwortende

324 3943 549 4002 nischer
584 3942 846 4014 Sprache.
1561 3944 2004 4012 unbeschrsnkt,
2069 3943 2247 4001 selbot
2308 3945 2438 4000 dem
2498 3947 2689 4002 Wort-

393 4030 596 4084 ponere
631 4041 700 4062 ε-
728 4030 1055 4084 proponere.
1127 4013 1356 4070 τυθέναι
1407 4033 1449 4072 s.
1561 4014 1715 4070 laute
1752 4015 1900 4069 nach
1936 4015 2063 4070 dem
2103 4014 2324 4085 Gegner
2355 4017 2689 4085 beistimmt,

325 4085 408 4141 III
444 4091 542 4154 22,
581 4091 666 4143 54.
1565 4085 1648 4156 ‘jz
1677 4085 1844 4155 wohl,
1871 4085 2109 4141 keiner’.
2176 4086 2231 4142 S.
2264 4092 2297 4153 5
2329 4093 2411 4142 10.
2476 4087 2529 4141 Π
2557 4093 2588 4155 5
2620 4094 2692 4143 14

398 4158 474 4212 ad
505 4158 596 4225 id,
634 4156 715 4213 ‘in
735 4159 923 4228 Bezug
939 4157 1040 4211 auf
1052 4157 1207 4224 das'3
1246 4156 1450 4213 ebenso
1559 4159 1645 4212 ita
1685 4173 1921 4226 prorsus
1970 4158 2254 4213 emistumo.
2326 4160 2411 4214 ita
2451 4175 2691 4228 prorsus

325 4228 407 4282 im
471 4227 871 4284 Grieehischen
934 4226 1120 4299 λέγειν
1183 4225 1326 4299 πρός
1379 4249 1448 4284 τι.
1560 4228 1716 4283 steht
1741 4230 1890 4294 auch
1916 4228 2110 4299 hnufig
2135 4228 2394 4285 ironisch.
2461 4248 2514 4301 p.
2547 4230 2708 4286 Sull.·

326 4298 583 4371 Xenoph.
623 4317 788 4356 mem.
820 4299 902 4355 III
929 4305 987 4370 9,
1021 4306 1103 4357 12.
1179 4299 1339 4355 Tusc.
1371 4300 1453 4355 III
1561 4305 1654 4370 19,
1692 4303 1777 4355 64.
1799 4295 1816 4312 ⁶
1861 4298 1871 4313 '⁵
