2902 4649
606 146 1209 202 TUSCULANARUM
1246 144 1854 202 DISPUTATIONUM
1891 145 1958 203 II.
1997 150 2228 202 46—50.
2509 144 2599 211 97

227 318 722 396 pinquorumque
769 313 1084 395 custodiis3
1148 331 1325 393 saepe
1372 315 1533 373 enim
1579 311 1849 374 videmus
1898 307 2127 374 ‘fractos
2181 313 2439 395 pudore,
2493 315 2600 393 qui

233 406 467 466 ratione
532 403 692 465 nulla
748 404 1151 464 vincerentur.
1243 401 1401 482 Ergo
1466 401 1576 462 hos
1641 401 1881 481 quidem
1947 410 2015 463 ut
2079 401 2331 464 famulos
2390 402 2601 463 vinclis

227 511 425 574 prope
472 501 650 572 atque
698 490 993 571 custodia,
1039 492 1145 570 qui
1190 500 1389 553 autem
1437 497 1618 552 erunt
1661 490 1958 552 firmiores
2014 508 2126 551 nec
2172 499 2370 552 tamen
2420 491 2599 553 robu-
2688 547 2702 561 ,

228 584 512 662 stissimi‚
557 580 667 642 hos
713 580 1020 641 admonitu
1067 579 1367 660 oportebit
1413 586 1483 642 ut
1540 578 1728 640 bonos
1775 578 1993 641 milites
2039 589 2348 642 revocatos
2405 580 2595 660 digni-

224 679 422 733 tatem
488 673 661 732 tueri.
752 668 884 729 Non
949 670 1127 729 nimis
1191 671 1253 730 in
1316 668 1545 750 Niptris
1610 668 1707 729 ille
1773 669 2247 748 sapientissimus
2313 669 2596 730 Graeciae

225 761 480 820 saucius
524 760 881 821 lamentatur
928 757 1021 818 vel
1066 757 1298 819 modice
1345 760 1561 837 potius

561 864 991 942 Pedete'mptim
1035 866 1233 944 inquit
1279 872 1339 925 et
1381 865 1594 926 sedato
1640 869 1803 939 m'su,

561 974 638 1016 ne
682 953 977 1017 sticcussu
1026 952 1305 1029 adripidt
1348 957 1546 1015 maior

564 1047 751 1105 dolor.

237 1151 539 1212 Pacuvius
585 1150 698 1211 hoc
746 1149 957 1210 melius
1006 1166 1182 1228 quam
1223 1148 1549 1228 Sophocles
1589 1182 1672 1190 —
1712 1148 1867 1228 apud
1906 1149 2071 1211 illum
2111 1151 2269 1209 enim
2306 1165 2596 1229 perquam
2616 1158 2686 1207 49

239 1239 527 1301 flebiliter
572 1239 771 1300 Ulixes
818 1237 1178 1298 lamentatur
1222 1240 1285 1297 in
1333 1237 1574 1298 volnere
1624 1259 1735 1299 -ε
1792 1246 1989 1299 tamen
2036 1237 2177 1299 huic
2233 1237 2443 1298 leviter
2498 1255 2597 1315 ge-

225 1435 361 1478 non
407 1416 686 1479 dubitant
732 1417 959 1477 dicere.

573 1524 696 1585 Tuo
744 1523 1009 1599 quoque,
1069 1522 1298 1596 Ulixes,
1345 1519 1713 1598 quamqudm
1756 1524 2039 1597 praviter

569 1609 878 1673 cernimus
925 1614 1135 1687 ictum,
1183 1613 1362 1671 nimis
1398 1608 1603 1687 pae'ne
1649 1614 1851 1672 animo
1898 1629 1961 1671 es

568 1697 753 1778 molli,
802 1718 906 1776 qm
952 1698 1275 1761 consuetas
1323 1702 1384 1760 in
1432 1702 1625 1760 armis

560 1806 768 1851 aevom
816 1786 1007 1864 dyssre
1052 1835 1066 1849 .
1115 1836 1128 1849 .
1178 1835 1190 1847 .

233 1896 545 1976 Intellegit
580 1902 756 1976 poeta
785 1894 1051 1976 prudens
1087 1894 1322 1956 ferendi
1350 1894 1573 1955 doloris
1601 1894 2097 1956 consuetudinem
2134 1912 2266 1955 esse
2304 1912 2426 1955 non
2464 1911 2603 1955 con·
2625 1902 2696 1953 50

239 1984 627 2050 temnendam
666 1986 1023 2064 magistram.
1089 1983 1282 2062 Atque
1321 1982 1417 2044 ille
1458 2001 1577 2043 non
1615 1983 1983 2045 inmoderate
2023 2001 2234 2063 magno
2273 1986 2334 2042 in
2373 1982 2608 2044 dolore:

453 2097 510 2128 '*
569 2090 876 2165 Retine'te,
924 2097 1145 2165 tenete,
1194 2087 1485 2167 opprimit
1529 2093 1730 2164 ulcus,

571 2177 827 2252 nuddte,
874 2182 993 2240 heu
1039 2181 1325 2239 miserum
1372 2195 1494 2241 me:
1540 2179 1893 2241 excrucior.

231 2289 464 2370 Incipit
508 2286 656 2366 labi3
700 2284 912 2347 deinde
959 2284 1097 2346 ilico
1145 2283 1390 2347 desinit:

575 2390 848 2470 Operite,
897 2393 1208 2453 abscedite
1255 2390 1528 2467 ia'miam,

567 2478 782 2543 mittite
790 2502 814 2552 ;
859 2498 1001 2542 nam
1048 2487 1385 2543 attrectatu
1433 2480 1494 2543 e't
1537 2499 1762 2556 quassu

565 2587 812 2632 saevum
861 2567 1248 2646 dmplificatis
1294 2570 1580 2631 dolerem.

231 2664 499 2740 Videsne
550 2685 616 2738 ut
661 2676 1029 2737 obmutuerit
1073 2693 1195 2736 non
1243 2675 1485 2736 sedatus
1532 2679 1829 2758 corporiS‚
1890 2676 1994 2738 sed
2043 2679 2363 2756 castigatus
2419 2678 2601 2737 animi

229 2763 457 2828 dolor?
550 2765 754 2844 Itaque
819 2766 879 2824 in
946 2767 1229 2825 extremis
1285 2763 1513 2844 Niptris
1577 2764 1724 2825 alios
1790 2784 2028 2845 quoque
2091 2764 2364 2844 obiurgat
2419 2763 2601 2844 idque

231 2873 538 2919 morlens:

476 2944 785 3018 Co'nqueri
822 2940 1142 3018 fortunam
1189 2944 1542 3024 adversam,
1588 2942 1709 3004 ndn
1756 2942 2089 3005 lamentari
2132 2947 2341 3014 decet;

472 3039 553 3129 J'd
596 3070 719 3127 viri
763 3073 853 3128 est
897 3064 1199 3142 officium:
1239 3070 1422 3143 fletus
1469 3067 1757 3129 mzkliebri
1803 3070 2045 3143 inqenio
2094 3066 2358 3130 ddditus.

235 3260 389 3313 tete:
417 3255 499 3311 sei
522 3255 798 3322 four-iosos
825 3261 927 3310 aut
945 3255 1374 3324 prodicos'escit,

236 3330 612 3385 adauctorum
648 3326 1021 3395 centiliomque
1062 3327 1181 3381 eius
1217 3329 1373 3396 pote

233 3405 361 3457 atae
407 3398 585 3464 estod,
634 3402 724 3451 ast
767 3397 820 3451 ei
862 3401 1042 3452 custos
1083 3413 1183 3452 nee
1227 3397 1369 3452 escit.

239 3469 468 3525 Darauf
483 3466 702 3524 scheint
722 3466 832 3524 Cic.
853 3467 977 3523 hier
994 3467 1278 3558 anzuspiel
1286 3484 1371 3523 en

313 3558 382 3597 m
425 3540 683 3627 Niptris.-
730 3540 962 3624 Νίπτρα
1008 3539 1145 3594 oder
1184 3535 1375 3593 ’-Οδ·υσ

236 3609 380 3675 θεὸς
427 3604 805 3677 ἄκανθοπλήξ
864 3609 1007 3665 hiere
1059 3609 1152 3665 ein
1199 3610 1376 3665 Stiick

247 3684 346 3739 des
388 3681 506 3751 Sop
507 3680 729 3744 hokles,
767 3679 947 3735 worin
981 3681 1081 3735 der
1116 3680 1239 3735 Tod
1276 3680 1374 3736 des

246 3752 534 3823 odysseus
574 3750 883 3807 behandelt
916 3751 1122 3807 wurde.
1200 3749 1377 3822 Odys·

245 3842 375 3882 seua
413 3822 524 3880 soll
568 3820 820 3877 nmlieh
855 3839 968 3878 von
1003 3823 1216 3878 seinem
1261 3822 1378 3877 und

241 3896 347 3952 der
374 3894 537 3950 Circe
567 3893 720 3949 Sohn
747 3893 1063 3976 Telegonus
1093 3893 1198 3947 mit
1225 3894 1379 3949 einer

246 3968 462 4034 Lenze,
516 3964 610 4019 die
647 3964 731 4019 als
771 3964 959 4034 Spitze
998 3963 1109 4019 den
1147 3963 1376 4020 Staehel

175 4100 184 4107 ¹
243 4039 403 4094 eines
459 4035 853 4092 Meerrochens
908 4035 1093 4104 hatte,
1158 4036 1377 4102 gemet

245 4108 481 4166 worden
500 4106 637 4162 sein.
702 4106 999 4173 Pacuvius,
1029 4106 1131 4161 der
1149 4106 1376 4161 Schwe-

238 4179 510 4236 stersohn
528 4178 628 4233 des
648 4176 877 4246 Ennius,
897 4177 1056 4232 hatte
1077 4177 1179 4232 das
1201 4176 1378 4232 Stflok

253 4249 677 4320 nachgebildet.
744 4249 847 4304 Die
869 4249 1066 4316 Verso,
1095 4249 1377 4318 anapesti-

239 4323 384 4378 .sche
421 4320 704 4387 Dimeter,
752 4318 969 4389 spricht
1003 4319 1131 4375 teile
1167 4319 1376 4389 Ulixes,

357 4420 546 4471 Eunu,
580 4418 672 4461 Cic.
703 4419 889 4462 Tuscul.

1480 3254 1612 3309 teile
1639 3254 1739 3310 der
1761 3254 1925 3311 Chor.
1989 3241 2161 3310 Uber·
2169 3255 2393 3311 Ciceros
2422 3256 2606 3312 Uri-,eil

1481 3325 1620 3381 iiber
1656 3324 1937 3381 Pacuvius
1973 3326 2088 3380 und
2127 3327 2239 3396 Sop
2243 3326 2443 3383 hokles
2494 3328 2609 3397 vgl.

1482 3395 1732 3466 Lessing,
1752 3395 2020 3457 Laokoon
2041 3345 2423 3454 S.385P.Ma1tz
2437 3398 2608 3470 Ausg.

1553 3473 1639 3523 49.
1696 3469 1882 3535 illum,
1949 3468 2053 3521 auf
2100 3468 2209 3522 den
2262 3470 2472 3526 zuletzt
2527 3486 2613 3526 er·

1482 3539 1747 3680 πῆΙὶιυῡοιι
1767 3537 2083 3608 Sophokles
2112 3557 2179 3593 zu
2206 3539 2492 3597 beziehen.
2553 3541 2610 3599 S.

1484 3629 1514 3664 z
1630 3615 1698 3664 49
1767 3615 1884 3664 117.

1558 3681 1770 3748 leviter,
1813 3680 2039 3750 ‘wenig‚
2065 3681 2506 3753 unbedeutend’,
2541 3684 2612 3739 de

1488 3749 1578 3807 off.
1617 3752 1643 3804 I
1678 3756 1766 3820 24,
1803 3756 1873 3806 83
1911 3753 2009 3821 qui
2045 3753 2232 3808 leviter
2268 3760 2611 3826 aeyrotantes

1487 3823 1678 3878 leniter
1714 3828 1931 3878 curant.

1557 3901 1870 3962 consuetus,
1929 3910 1989 3949 es
2039 3895 2186 3964 folgt
2232 3895 2325 3951 ein
2360 3894 2613 3952 Verbum

1485 3964 1590 4019 wie
1629 3966 1763 4021 adeo
1790 3967 2113 4021 lamentaris
2140 3966 2274 4021 oder
2301 3967 2611 4024 ahnliches.

1557 4041 1644 4090 50.
1663 4036 1886 4103 nudate,
1903 4036 2154 4092 nnmlieh
2173 4054 2268 4091 um
2283 4038 2375 4093 die
2389 4038 2612 4095 Wunde

1485 4124 1553 4161 zu
1589 4109 1980 4163 untersuchen.

1559 4180 1786 4259 operite,
1830 4179 1927 4234 ein
1971 4177 2397 4249 Paroemiakus,
2447 4195 2612 4235 wenn

1485 4249 1647 4305 nicht
1703 4247 1796 4304 ein
1844 4250 2040 4304 halber
2077 4247 2208 4304 Fure
2263 4268 2336 4305 au
2403 4250 2613 4307 efallen

1487 4320 1578 4376 ist.
1618 4352 1682 4361 -—
1720 4321 1939 4390 mittite,
1982 4318 2142 4375 ‘latet
2177 4321 2330 4375 mich

2153 4415 2182 4463 7
