2902 4649
334 115 426 180 96
1129 114 1205 169 Μ.
1245 113 1494 169 TULLII
1534 112 1920 169 CICERONIS

339 282 539 343 dicere
579 281 722 343 illud
760 281 987 341 homini
1025 280 1200 360 longe
1239 288 1551 360 optumum
1588 297 1749 361 esse,
1796 280 1955 360 quod
2001 283 2197 360 ipsum
2247 284 2325 342 sit
2375 282 2707 362 optandum

338 389 447 451 per
494 388 587 450 se,
635 389 667 430 a
721 372 941 431 virtute
987 371 1323 449 profectum
1372 368 1465 429 vel
1511 371 1574 429 in
1618 370 1746 448 ipsa
1793 371 2013 430 virtute
2060 371 2268 454 situm,
2325 390 2430 432 sua
2487 380 2708 452 sponte

338 458 661 540 laudabile,
717 459 877 539 quod
926 458 1168 539 quidem
1225 460 1403 519 citius
1449 456 1699 518 dixerim
1749 457 1941 519 solum
1990 477 2165 538 quam
2222 477 2342 519 non
2398 478 2706 522 summum

337 548 581 610 bonum.
675 549 866 628 Atque
915 556 983 609 ut
1030 547 1178 607 haec
1224 546 1298 607 de
1345 545 1630 624 honesto,
1684 549 1772 607 sic
1830 546 1904 609 de
1955 549 2114 626 turpi
2160 550 2485 610 contraria:
2554 548 2708 610 nihil

340 646 459 698 tam
508 644 794 719 taetrum,
843 636 988 698 nihil
1038 647 1154 697 tam
1202 635 1667 715 aspernandum,
1713 636 1860 696 nihil
1907 635 2148 697 homine
2195 635 2516 715 indignius,

245 739 318 787 47
520 725 692 796 Quod
742 728 791 786 si
838 725 948 787 tibi
993 742 1349 804 persuasum
1398 732 1492 785 est
1538 758 1622 768 —-
1660 727 1955 805 principio
2003 726 2162 788 enim
2208 724 2410 786 dixisti
2454 725 2589 806 plus
2634 728 2703 786 in

342 815 634 876 dedecore
682 813 820 874 mali
870 813 976 875 tibi
1013 813 1200 874 videri
1237 832 1416 893 quam
1461 816 1523 873 in
1569 812 1775 874 dolore
1817 847 1925 894 —-,
1972 812 2268 893 reliquum
2316 822 2410 875 est
2457 822 2522 876 ut
2567 822 2702 876 tute

340 903 450 964 tibi
495 905 781 983 imperes:
842 920 1199 982 quamquam
1245 901 1359 963 hoc
1406 904 1610 962 nescio
1658 919 1776 981 quo
1823 902 2000 963 modo
2047 902 2296 983 dicitur,
2352 904 2523 981 quasi
2579 902 2703 963 duo

342 993 555 1072 simuS,
612 998 681 1052 ut
735 991 886 1052 alter
940 993 1221 1072 imperet,
1277 990 1426 1052 alter
1481 998 1710 1071 pareat,
1766 1007 1886 1051 non
1941 992 2155 1051 inscite
2212 983 2411 1052 tamen
2457 990 2706 1052 dicitur.

231 1079 317 1142 21
341 1080 451 1143 Est
499 1082 660 1141 enim
705 1082 938 1142 animus
994 1082 1055 1141 in
1103 1087 1305 1160 partes
1353 1078 1617 1142 tributus
1672 1077 1847 1162 duas,
1903 1097 2156 1159 quarum
2211 1078 2395 1141 altera
2449 1081 2705 1141 rationis

342 1178 438 1230 est
481 1171 812 1250 particeps,
856 1169 1039 1229 altera
1087 1188 1319 1248 expers.
1412 1166 1561 1228 Cum
1608 1169 1792 1246 igitur
1838 1170 2233 1248 praecipitur,
2285 1176 2355 1230 ut
2399 1166 2704 1230 nobismet

341 1260 489 1337 ipsis
547 1260 940 1338 imperemuS,
998 1257 1112 1318 hoc
1171 1259 1564 1338 praecipitur,
1626 1263 1693 1317 ut
1752 1258 1903 1317 ratio
1960 1262 2234 1318 coerceat
2286 1259 2707 1319 temeritatem.

342 1345 450 1406 Est
498 1348 562 1406 in
608 1348 818 1406 animis
867 1348 1133 1406 omnium
1181 1347 1305 1406 fere
1352 1354 1564 1406 natuna
1624 1344 1801 1406 molle
1848 1344 2154 1427 quiddam,
2212 1346 2542 1408 demissum
2596 1345 2709 1407 hu-

343 1434 512 1516 mile,
561 1434 905 1495 enervatum
946 1435 1202 1515 quodam
1251 1434 1425 1495 modo
1473 1445 1534 1495 et
1578 1433 1941 1512 languidum.
2015 1434 2077 1493 Si
2124 1433 2272 1496 nihil
2322 1443 2483 1498 esset
2527 1434 2713 1516 aliud,

343 1523 490 1584 nihil
539 1531 700 1584 esset
748 1522 988 1583 homine
1027 1524 1371 1585 deformius.
1468 1521 1585 1583 Sed
1630 1530 1870 1602 praesto
1917 1533 2012 1584 est
2054 1523 2290 1584 domina
2332 1526 2600 1585 omnium
2649 1534 2713 1584 et

344 1614 549 1690 regina
598 1614 779 1692 ratio,
825 1630 975 1691 quae
1025 1614 1235 1672 conixa
1280 1630 1388 1692 per
1436 1629 1502 1672 se
1549 1619 1609 1672 et
1659 1628 1976 1691 progressa
2022 1611 2259 1691 longius
2317 1613 2384 1673 fit
2439 1613 2708 1691 perfecta

344 1702 554 1761 virtus
648 1699 808 1761 Haec
855 1708 923 1761 ut
969 1702 1224 1781 imperet
1269 1700 1353 1761 illi
1400 1703 1555 1780 parti
1601 1702 1808 1781 animi,
1860 1719 2011 1780 quae
2058 1700 2341 1762 oboedire
2387 1699 2595 1782 debet,
2640 1701 2702 1762 id

252 1803 324 1853 48
346 1788 669 1850 videndum
716 1796 808 1850 est
844 1791 991 1849 viro.
1067 1789 1337 1860 Quonam
1375 1785 1596 1850 modo?
1641 1791 1895 1867 inquies.
1969 1789 2073 1850 Vel
2109 1797 2178 1850 ut
2214 1789 2493 1851 dominus
2530 1808 2707 1851 servo

349 1876 442 1938 vel
489 1887 557 1938 ut
602 1879 928 1956 imperator
973 1878 1148 1938 militi
1193 1879 1285 1938 vel
1339 1886 1409 1939 ut
1462 1896 1680 1958 parens
1736 1876 1875 1939 filio.
1968 1877 2031 1938 Si
2085 1880 2429 1957 turpissime
2488 1896 2553 1940 se
2608 1878 2749 1939 illa·

346 1984 488 2045 pars
536 1968 716 2026 animi
761 1974 958 2046 geret,
1019 1984 1195 2046 quam
1252 1966 1373 2027 dixi
1429 1985 1562 2028 esse
1620 1964 1884 2046 mollem,
1941 1969 1992 2028 si
2048 1984 2113 2028 se
2169 1966 2443 2029 lamentis
2497 1967 2707 2029 mulie·

344 2054 535 2116 briter
581 2054 961 2133 lacrimisque
1009 2054 1214 2134 dedet,
1262 2057 1554 2115 vinciatur
1601 2063 1662 2117 et
1708 2057 2153 2134 constringatur
2194 2058 2518 2117 amicorum
2564 2074 2704 2136 pro·

417 2227 600 2296 speum
624 2256 691 2265 —
707 2242 810 2294 per
835 2241 917 2290 se,
964 2243 1061 2280 um
1088 2226 1269 2281 seiner
1298 2226 1474 2280 selbst

344 2297 562 2365 willen,
618 2297 739 2352 also
795 2296 953 2351 nicht
998 2296 1105 2352 wie
1153 2297 1471 2367 Reichtum,

345 2368 496 2423 Ehre
531 2387 587 2424 u.
618 2387 660 2423 s.
691 2386 787 2433 w.‚
827 2367 916 2422 die
944 2386 1040 2422 um
1069 2369 1166 2422 des
1197 2368 1474 2424 Genusses

345 2438 484 2495 oder
528 2439 777 2494 Vorteils
821 2438 1037 2508 willen,
1089 2440 1201 2494 den
1246 2439 1328 2495 sie
1374 2457 1470 2511 ge·

346 2511 602 2579 wahren,
641 2510 881 2564 erstrebt
916 2511 1157 2567 werden.

418 2583 502 2636 vel
538 2606 606 2627 ===
643 2581 726 2635 vel
772 2582 991 2650 potius,
1045 2599 1088 2635 s.
1145 2601 1190 2635 z.
1252 2587 1344 2651 14,
1383 2588 1470 2637 33.

346 2657 443 2722 24,
482 2656 552 2707 58
588 2652 672 2706 vel
705 2653 968 2707 sentiwnt.

417 2741 523 2778 sua
557 2728 748 2792 sponte
784 2723 1090 2778 laudabile.-
1127 2724 1239 2793 vgl.
1279 2723 1350 2778 de
1379 2723 1470 2781 off.

347 2793 374 2847 I
422 2801 482 2860 4,
533 2800 600 2849 14
655 2795 800 2864 quod
853 2796 1068 2849 etiamsi
1119 2795 1474 2850 nobilitatum

345 2881 461 2920 non
499 2871 602 2931 est,
638 2870 819 2919 tamen
845 2866 1122 2920 honestum
1159 2871 1264 2933 est,
1303 2867 1471 2935 quod-

347 2953 450 3006 que
494 2953 615 2991 vere
660 2937 920 3003 dicimus,
976 2937 1191 2992 etiamsi
1236 2955 1272 2991 a
1316 2938 1472 2992 nullo

347 3007 634 3074 laudetur,
669 3011 878 3061 natura
915 3023 1022 3062 esse
1058 3008 1353 3063 laudabile.

421 3078 587 3131 citius
612 3078 849 3132 dixerim
884 3103 954 3123 ==
971 3080 1203 3148 φαίης,
1228 3079 1474 3145 facilius.

347 3147 495 3203 Phil.
570 3148 624 3201 II
691 3153 782 3215 11,
857 3153 927 3202 25
1002 3149 1167 3203 citius
1237 3150 1476 3204 dixerim

347 3221 582 3275 iactasse
616 3236 671 3274 se
707 3219 921 3288 aliquos
951 3250 1015 3259 -
1046 3237 1211 3289 quam
1237 3225 1301 3275 ut
1327 3221 1474 3290 quis-

345 3307 514 3362 quam
549 3292 719 3346 celari
752 3291 921 3346 vellet.

419 3367 507 3417 47.
537 3379 867 3432 quamquam
893 3363 1020 3417 hoc:
1052 3361 1339 3431 ‘obgleich
1357 3361 1474 3417 die·

323 3450 438 3558 ἱῗέ
476 3432 948 3559 ἰῖᾑῖῖῗὶωἲῖἲὲἲ
984 3433 1286 3557 ἱὶἒιῗέἑῗᾞᾗ
1298 3432 1480 3559 ,ὲῖἒὶῗό

386 3574 614 3629 uomodo
668 3573 745 3628 ist
797 3574 1108 3629 adverbiell
1149 3572 1478 3643 eingescho-

391 3661 488 3712 en,
538 3644 771 3699 deshalb
808 3643 886 3699 ist
920 3645 1130 3699 dicitur
1167 3663 1235 3699 zu
1270 3645 1479 3701 schrei-

348 3714 476 3770 ben.
539 3716 720 3770 nescio
747 3716 1009 3784 quomodo
1038 3716 1260 3771 dicatur
1285 3716 1478 3771 warde

350 3784 594 3840 heifsenz
647 3784 763 3839 ‘ich
809 3785 966 3840 weiss
1011 3785 1194 3855 nicht,
1240 3786 1301 3840 in
1347 3787 1478 3842 wel·

350 3856 515 3911 chem
527 3855 698 3910 Sinne
718 3856 854 3910 oder
862 3856 968 3911 mit
977 3858 1252 3912 welchem
1262 3857 1477 3912 Rechte

350 3926 474 3981 dies
511 3928 714 3997 gesagt
749 3925 935 3994 wird’,
972 3944 1128 3982 wozu
1165 3927 1265 3982 der
1290 3928 1474 3982 Nach-

352 4001 473 4051 satz
517 3996 688 4052 ‘doch
742 3996 884 4050 wird
940 4015 997 4053 es
1052 3998 1181 4052 sehr
1233 3998 1475 4054 treffend

351 4068 683 4208 ῗῗὲῗὲῗεζὶ
684 4067 782 4192 “1¹³7t
814 4085 854 4194 ἒ
857 4069 1476 4208 ὃῗθῖόᾙξᾱῗὲούνῗξ

352 4203 390 4277 ἡ
440 4205 777 4278 σωφροσύνη
827 4205 943 4265 ἐστὶ
985 4210 1086 4266 καὶ
1128 4206 1354 4280 ἡδονῶν
1399 4233 1475 4266 τι·

352 4299 469 4334 νων
551 4272 650 4334 κἀὶ
735 4277 1060 4351 ἐπιθυμιῶν
1147 4276 1474 4352 ἐγκράτεια,

1580 2227 1813 2294 κρείττω
1852 2221 1925 2296 δὴ
1956 2222 2134 2281 αὑτοῦ
2165 2223 2423 2295 λέγοντες
2451 2220 2558 2281 οὐκ
2588 2221 2707 2280 οἷδ’

1582 2289 1780 2355 ὅντινα
1845 2292 2057 2364 τρόπον
2113 2299 2249 2367 cet„
2314 2314 2402 2353 wo
2457 2296 2713 2353 derselbe

1582 2368 1851 2424 Gedanke
1888 2368 2084 2424 weiter
2120 2369 2455 2439 ausgeffihrt
2488 2369 2582 2423 ist.

1652 2439 1795 2509 Καρ.
1825 2438 1922 2496 21.
1975 2442 2038 2495 in
2058 2444 2252 2508 partes
2279 2440 2521 2495 tributus
2546 2441 2711 2506 duas,

1582 2509 1635 2566 d.
1670 2511 1708 2566 i.
1747 2512 2105 2578 distributus,
2145 2512 2372 2566 divisus.
2445 2509 2552 2566 Die
2582 2516 2710 2581 spa·

1579 2584 1740 2637 teren
1788 2581 2039 2649 Stoiker,
2086 2582 2434 2637 namentlich
2479 2581 2710 2637 Posido-

1577 2652 1730 2720 nium
1770 2652 1991 2708 Ciceros
2019 2651 2250 2722 Lehrer,
2286 2654 2559 2707 n‘aherten
2587 2653 2711 2707 sich

1581 2723 1779 2778 soweit
1849 2724 2055 2778 wieder
2136 2725 2236 2779 der
2307 2723 2710 2779 Platonischen

1578 2794 1788 2861 Lehre‚
1826 2795 1911 2850 als
1940 2793 2022 2848 sie
2053 2795 2176 2850 eine
2206 2794 2578 2866 Zweiteilung
2607 2794 2708 2849 der

1582 2864 1744 2921 Seele
1779 2865 1841 2919 in
1876 2861 2102 2935 λογικόν
2139 2866 2254 2921 und
2292 2861 2500 2948 ἄλογον
2538 2862 2708 2936 μέρος

1580 2936 1922 3003 οιιῃεὼωεης
1961 2937 2061 2991 der
2096 2936 2292 2992 zweite
2313 2937 2439 2991 Te11
2474 2935 2710 2991 umfasst

1582 3006 1683 3061 das
1736 3002 2153 3078 ἐπιθυμητικόν
2217 3008 2334 3062 und
2399 3005 2714 3079 θυμοειδές

1582 3077 1792 3134 Platos.
1864 3078 2042 3133 Ihnen
2100 3078 2249 3149 folgt
2295 3076 2405 3134 Cic.
2458 3078 2713 3133 zumeist.

1583 3148 1712 3218 Vgl.
1751 3147 1829 3203 IV
1866 3153 1925 3217 5,
1977 3155 2066 3217 103
2126 3149 2197 3204 de
2235 3148 2326 3205 off.
2377 3150 2402 3203 1
2441 3154 2539 3221 28,
2589 3155 2710 3204 101.

1654 3292 2028 3358 temeritatem,
2076 3289 2129 3345 d.
2177 3288 2216 3347 i.
2261 3286 2470 3361 ἄλογον
2518 3289 2707 3361 μέρος,

1589 3360 1681 3415 die
1721 3360 2108 3419 Sinnlichkeit.

1654 3436 1705 3487 et
1740 3434 2082 3502 languidum.
2158 3421 2309 3487 Uber
2350 3437 2400 3486 et
2445 3432 2540 3487 bei
2589 3431 2719 3487 dem

1586 3502 1793 3558 letzten
1831 3503 2028 3559 Gliede
2074 3503 2230 3559 einer
2265 3503 2630 3574 Aufzithlung
2676 3522 2715 3557 s,

1586 3591 1631 3627 z.
1670 3575 1749 3628 ΙΙΙ
1786 3580 1817 3640 5
1855 3581 1904 3629 3.

1659 3647 1862 3701 conixa
1879 3662 1985 3715 per
2011 3662 2092 3711 se,
2128 3645 2329 3699 ‘durch
2359 3644 2526 3714 eigne
2556 3645 2719 3699 Κιτιᾶ

1585 3715 1781 3771 weiter
1818 3717 2125 3772 strebend'.
2204 3714 2310 3770 Die
2357 3716 2596 3786 Tugend
2644 3716 2720 3770 ist

1585 3787 1731 3842 nach
1797 3787 1897 3842 der
1957 3786 2267 3842 Definition
2332 3788 2432 3841 der
2489 3785 2715 3843 Stoiker

1585 3853 1847 3920 διάθεσις
1900 3859 1999 3927 τῆς
2053 3859 2241 3928 ψυχῆς
2291 3853 2716 3929 ὁμολογουμένη

1585 3921 1759 4000 ἑαυτῇ
1829 3924 1975 3983 καθ’
2034 3922 2168 3983 ὅλον
2224 3923 2327 3983 τὸν
2433 3930 2548 3995 lov,
2602 3930 2716 3984 und

1582 3998 1724 4054 wird
1769 4000 1942 4054 durch
1982 4000 2161 4055 Lehre
2198 4000 2315 4054 und
2408 4001 2562 4071 bung
2618 4018 2713 4071 ge·

1582 4087 1835 4126 wonnen.
2364 4098 2369 4103 -

1656 4147 1743 4196 48.
1818 4143 2231 4212 constrbnqatwr
2295 4172 2361 4182 --
2429 4143 2708 4198 custodiis,

1583 4211 1691 4266 Ein
1720 4213 1919 4268 Gesetz
1956 4214 2058 4268 der
2092 4212 2262 4268 zwblf
2287 4211 2494 4267 Tafeln
2521 4212 2709 4282 (Dirk-

1583 4300 1681 4338 sen
1717 4283 1827 4354 leg.
1868 4284 1971 4338 XII
2002 4285 2123 4355 tab.
2162 4285 2229 4339 fr.
2267 4301 2323 4355 p.
2353 4289 2460 4339 369
2490 4284 2558 4353 f.)
2598 4283 2717 4349 lau·
