2902 4649
627 122 1227 177 TUSCULANARUM
1264 121 1878 180 DISPUTATIONUM
1913 127 1981 182 Il.
2022 131 2248 183 39—43.
2532 128 2618 192 93

255 291 578 371 ingemuit,
645 290 779 369 quis
844 288 1066 349 voltum
1132 290 1382 351 mutavit
1439 288 1770 370 umquam?
1810 294 1969 379 ‘quis
2025 311 2142 353 non
2199 293 2376 353 modo
2434 297 2618 375 stetit,

257 393 467 439 verum
535 380 710 439 etiam
770 377 1055 438 decubuit
1114 374 1417 457 turpiter?
1482 380 1643 460 quiS,
1708 398 1844 441 cum
1911 380 2323 465 decubuisset,
2390 383 2618 443 serrum

255 469 531 546 recipere
586 468 788 527 iussus
844 466 1062 527 collum
1121 463 1460 529 contraxit?

1550 466 1806 529 Tantum
1862 471 2236 553 exercitatio,
2295 470 2617 551 meditatio,

251 556 634 617 consuetudo
682 554 851 616 valet.
942 554 1102 634 Ergo
1150 555 1265 616 hoc
1310 558 1534 635 poterit

582 682 850 754 SamniS,
897 698 1160 757 spurcus
1204 683 1404 754 homo,
1449 684 1578 741 vita
1624 684 1732 742 illa
1778 684 2002 756 dianus
2048 686 2341 758 locoque:'

255 807 354 865 vir
414 814 588 867 natus
650 805 721 866 ad
781 805 1032 884 gloriam
1096 804 1274 866 ullam
1336 812 1567 884 partem
1632 807 1811 866 animi
1878 814 1995 867 tam
2062 806 2298 867 mollem
2358 806 2618 887 habebit,

253 912 441 973 quam
485 912 604 954 non
652 895 1035 955 meditatione
1083 901 1144 955 et
1190 896 1415 954 ratione
1456 892 1861 955 conroboret?
1933 894 2185 956 Crudele
2225 895 2617 974 gladiatorum

256 982 668 1062 spectaculum
715 991 777 1044 et
829 983 1220 1066 inhumanum
1280 1000 1399 1041 non
1456 980 1637 1042 nullis
1684 982 1873 1044 videri
1929 983 2106 1063 solet,
2164 993 2224 1045 et
2281 984 2436 1045 haud
2496 987 2620 1045 scio

249 1090 333 1131 an
383 1074 462 1132 ita
509 1073 614 1152 sit,
659 1080 727 1132 ut
774 1089 933 1132 nunc
980 1072 1072 1133 fit:
1134 1089 1270 1131 cum
1317 1088 1459 1154 vero
1508 1080 1711 1131 sontes
1758 1071 1921 1133 ferro
1969 1071 2416 1153 depugnabant,
2463 1076 2618 1134 auri-

251 1158 374 1220 bus
419 1161 669 1220 sortasse
711 1160 960 1241 multae,
1006 1158 1194 1221 oculis
1234 1159 1475 1238 quidem
1513 1159 1673 1220 nulla
1711 1169 1947 1240 poterat
1985 1179 2116 1222 esse
2157 1162 2370 1223 sortior
2408 1173 2616 1223 contra

249 1248 530 1310 dolorem
577 1257 636 1309 et
682 1258 937 1309 mortem
985 1247 1313 1328 disciplina.

439 1337 520 1397 De
568 1339 989 1398 exercitatione
1038 1344 1099 1398 et
1145 1337 1578 1398 consuetudine
1617 1345 1679 1397 et
1716 1338 2213 1399 commentatione
2262 1339 2400 1399 dixi.
2479 1339 2600 1417 Age
2646 1312 2725 1375 18

251 1428 371 1507 sis,
426 1444 586 1486 nunc
643 1426 715 1486 de
763 1428 990 1486 ratione
1039 1425 1373 1506 videamuS,
1429 1427 1546 1486 nisi
1597 1426 1739 1506 quid
1787 1428 1875 1486 vis
1921 1425 1995 1486 ad
2040 1423 2204 1488 haec.
2298 1429 2369 1488 Α.
2415 1427 2617 1507 Egone

2606 1388 2706 1436 ’42

251 1522 326 1576 ut
372 1522 433 1576 te
481 1510 899 1594 interpellem?
991 1514 1075 1574 Ne
1123 1514 1238 1574 hoc
1285 1513 1526 1594 quidem
1573 1514 1811 1575 vellem:
1862 1517 1944 1575 ita
1991 1533 2085 1575 me
2134 1516 2205 1576 ad
2254 1516 2617 1577 credendum

253 1611 364 1663 tua
412 1603 576 1664 ducit
623 1605 831 1663 oratio.
925 1603 1011 1663 M.
1061 1601 1227 1663 Sitne
1274 1604 1458 1681 igitur
1503 1603 1724 1664 malum
1765 1602 1966 1664 dolere
2010 1622 2198 1665 necne
2239 1604 2425 1665 Stoici
2462 1605 2619 1665 vide-

250 1693 413 1772 rint,
459 1695 562 1771 qui
607 1690 964 1753 contortulis
1011 1690 1365 1771 quibusdam
1423 1699 1485 1751 et
1541 1694 1785 1752 minutis
1833 1692 2341 1755 conclusiunculis
2388 1712 2499 1754 nec
2548 1694 2616 1754 ad

249 1798 475 1841 sensus
520 1779 1009 1860 permanantibus
1057 1780 1212 1839 effici
1250 1778 1458 1839 volunt
1504 1798 1624 1840 non
1672 1798 1803 1841 esse
1853 1780 2070 1841 malum
2115 1781 2398 1842 dolorem.
2491 1781 2616 1861 Ego

250 1868 432 1950 illud,
479 1869 762 1948 quicquid
812 1871 915 1950 sit,
963 1876 1194 1929 tantum
1241 1886 1374 1928 esse
1413 1875 1704 1947 quantum
1740 1865 2011 1930 videatur
2058 1888 2176 1930 non
2224 1879 2402 1951 puto,
2448 1870 2616 1931 falsa-

251 1976 376 2035 que
426 1960 555 2018 eius
602 1959 831 2018 visione
880 1967 938 2018 ct
988 1959 1186 2037 specie
1236 1959 1464 2016 moveri
1507 1955 1778 2018 homines
1827 1958 1960 2017 dico
1998 1957 2409 2019 vehementius
2458 1959 2617 2019 dolo-

251 2064 504 2125 remque
551 2064 787 2107 omnem
845 2065 977 2107 esse
1036 2045 1422 2107 tolerabilem.
1514 2044 1684 2106 Unde
1742 2048 1925 2126 igitur
1982 2044 2229 2107 ordiar?
2284 2066 2357 2107 an
2414 2048 2619 2109 eadem

249 2133 520 2195 breviter
580 2136 889 2215 attingam,
951 2153 1103 2215 quae
1166 2133 1341 2194 modo
1407 2134 1557 2214 dixi,
1618 2153 1737 2213 quo
1797 2135 2030 2196 facilius
2091 2138 2279 2196 oratio
2340 2137 2620 2216 progredi

249 2224 448 2303 possit
489 2220 772 2303 longius?
861 2222 1026 2285 Inter
1063 2241 1270 2284 omnes
1307 2222 1490 2302 igitur
1528 2222 1641 2283 hoc
1680 2231 1914 2284 constat
1950 2242 2061 2285 nec
2098 2224 2309 2285 doctos
2344 2223 2617 2286 homines
2638 2235 2706 2286 43

255 2312 481 2395 solum,
527 2313 628 2374 sed
671 2315 851 2374 etiam
888 2311 1189 2393 indoctos,
1233 2313 1498 2373 virorum
1537 2331 1670 2373 esse
1708 2313 1951 2374 sortium
2000 2321 2061 2375 et
2106 2315 2617 2393 magnanimorum

256 2411 326 2464 et
368 2404 720 2481 patientium
770 2410 830 2462 et
876 2400 1134 2463 humana
1179 2403 1544 2462 vincentium
1603 2402 1926 2463 toleranter
1983 2402 2247 2463 dolorem
2307 2406 2453 2484 pati,
2508 2422 2621 2464 nec

258 2508 404 2550 vero
451 2492 766 2570 quisquam
834 2490 948 2551 suit
1003 2492 1108 2569 qui
1161 2507 1326 2572 eum,
1391 2492 1496 2570 qui
1551 2492 1632 2550 ita
1687 2498 2021 2572 pateretur,
2088 2510 2207 2552 non
2261 2491 2621 2554 laudandum

433 2733 768 2802 aladiatores
794 2732 1002 2787 nobiles
1036 2732 1282 2800 faciunt,
1319 2735 1382 2786 ut

248 2805 467 2859 honeste
503 2804 854 2869 decumbant,
890 2804 1166 2870 faciamus
1199 2819 1317 2858 noa.

322 2875 535 2942 ferrum
587 2891 689 2929 rec.
764 2874 968 2944 Recipe
1023 2875 1188 2929 telum
1247 2874 1383 2929 oder

249 2948 330 3001 da
377 2947 402 3000 i
476 2946 632 3000 ulum
677 2944 892 3001 lautete
939 2945 1041 2999 der
1084 2943 1223 3012 Ruf,
1276 2943 1385 2998 mit

251 3018 382 3072 dem
460 3032 524 3071 as
561 3015 714 3071 Volk
754 3017 865 3070 den
903 3015 1027 3070 'Pod
1063 3015 1215 3071 eines
1252 3014 1383 3070 Gla-

248 3087 466 3144 diators
494 3086 756 3143 sordet-te.
808 3087 1012 3155 Haufig
1039 3086 1228 3152 wurde
1257 3085 1383 3142 dae-

248 3160 403 3214 aelbe
440 3158 587 3214 auch
631 3158 809 3215 durch
855 3157 948 3212 ein
991 3155 1232 3213 Zeichen
1277 3156 1385 3211 mit

249 3230 349 3284 der
376 3229 573 3297 Hand,
611 3229 927 3299 Einbiegen
952 3228 1050 3282 des
1078 3228 1381 3297 DaumeuS,

253 3318 325 3356 an
370 3302 617 3356 edentet.

367 3373 553 3427 amnis
589 3374 694 3426 cet.
770 3368 880 3425 Ein
916 3368 1058 3425 Vere
1108 3385 1210 3424 aus
1259 3368 1382 3424 der-

250 3444 450 3499 selben
481 3443 662 3497 Satira
691 3442 789 3498 des
818 3440 1092 3509 Lucilius,
1122 3456 1222 3495 aus
1249 3441 1382 3495 wel-

248 3518 384 3569 cber
449 3513 541 3568 die
596 3512 675 3566 IV
730 3519 828 3583 21,
886 3519 955 3567 48
1010 3511 1384 3581 angefuhrten

248 3586 426 3640 Verso
455 3587 816 3639 entnommen
845 3582 986 3638 sind.
1037 3569 1191 3637 Uber
1217 3582 1382 3638 Luci-

225 3655 362 3711 'lius
401 3675 446 3711 s.
485 3675 529 3710 z.
567 3655 651 3709 III
685 3661 716 3721 ξ
754 3661 840 3710 31.

320 3744 448 3783 cum
484 3743 625 3783 vero,
700 3727 766 3781 In
802 3726 1057 3781 friiherer
1083 3725 1205 3780 Zeit
1240 3743 1382 3780 wur-

247 3797 363 3853 den
388 3798 562 3853 meist
590 3815 697 3852 nur
723 3795 1240 3867 Kriegsgefangeue
1268 3796 1383 3851 und

247 3868 597 3925 Verurbeilte
634 3886 701 3922 zu
729 3867 840 3923 den
871 3867 1099 3938 Spieleu
1134 3868 1381 3936 benutzb,

249 3959 317 4023 zu
358 3939 583 3994 Ciceros
620 3939 741 3994 Zeit
776 3940 1034 4022 dagegeu
1081 3938 1382 4020 besonders

247 4011 907 4137 ῗιζιῃὲθέῗὲἕίηξῦζῗθῖῗέῃ
934 4026 1068 4134 vulgi
1105 4008 1380 4134 ῗὲοὶέὡέιῖ

246 4153 457 4208 andere
512 4151 894 4208 vermieteten.
977 4149 1083 4206 Die
1140 4149 1379 4221 Kampsa

246 4224 483 4288 wurden
510 4220 763 4278 dadurch
788 4221 1231 4292 kunstmiss'siger
1265 4220 1381 4275 und

248 4295 448 4366 linger
476 4293 755 4364 dauernd,
784 4295 921 4349 aber
940 4293 1084 4349 auch
1111 4291 1378 4363 blutiger.

1563 2731 1706 2800 Καρ.
1745 2730 1841 2788 18.
1915 2737 2001 2789 42.
2058 2733 2162 2798 sis,
2219 2733 2343 2787 eine
2393 2733 2618 2788 Formel

1492 2802 1590 2856 der
1625 2802 2179 2872 Umgaugssprache,
2215 2804 2396 2859 wofiir
2423 2803 2618 2860 Cicero

1491 2871 1658 2927 meist
1691 2874 1743 2927 si
1777 2874 1862 2928 vis
1899 2875 2051 2943 sagt3
2103 2873 2249 2929 doch
2296 2876 2409 2944 vgl.
2457 2892 2513 2944 p.
2564 2875 2617 2930 S.

1490 2944 1651 2998 Rosc.
1704 2950 1797 3015 16,
1842 2949 1911 3000 48
1965 2962 2064 3015 aye
2107 2962 2257 3001 nunc
2301 2947 2447 3013 refer
2494 2947 2620 3001 ani·

1494 3032 1643 3069 mum
1676 3016 1754 3070 sis
1795 3017 2209 3085 admeritatem.
2284 3036 2338 3088 p.
2373 3015 2494 3072 Mil.
2533 3023 2620 3085 22,

1495 3092 1565 3140 60
1604 3102 1731 3140 cave
1764 3088 1843 3142 ais
1878 3088 2180 3142 mentiaris.

1563 3177 1700 3244 quid
1734 3177 1820 3231 vis
1853 3178 1932 3231 ad
1965 3178 2121 3232 haec:
2168 3194 2210 3229 s,
2249 3195 2292 3230 z.
2332 3175 2359 3232 I
2396 3181 2491 3244 23,
2531 3181 2617 3232 55.

1563 3279 1725 3333 egone
1777 3269 1868 3332 ut,
1923 3265 2047 3319 eine
2099 3266 2281 3332 Frage
2337 3263 2437 3318 der
2481 3263 2619 3318 Ent-

1490 3338 1753 3405 rflstung,
1792 3352 1834 3391 ε.
1874 3336 2080 3405 Zumpt
2114 3339 2144 3400 ξ
2183 3340 2302 3389 609.

1564 3424 1640 3478 ad
1665 3439 1855 3478 sensus
1878 3423 2362 3492 permanantibus,
2400 3422 2492 3477 die
2522 3422 2624 3478 auf

1493 3494 1593 3549 das
1633 3492 1840 3548 Geffihl
1895 3493 2099 3550 keineu
2154 3493 2443 3548 Eindruck
2499 3512 2616 3549 ma.-

1493 3565 1651 3619 chen.
1726 3565 1854 3635 Vgl.
1892 3565 1919 3619 I
1956 3570 2006 3634 8,
2034 3571 2114 3637 ¹16
2162 3566 2293 3620 haec
2328 3567 2473 3620 enim
2507 3567 2618 3635 spi·

1490 3637 1719 3690 maiora
1741 3638 1906 3704 prius
1932 3642 1996 3691 ut
2013 3638 2273 3705 confitear
2292 3654 2373 3690 me
2401 3642 2616 3709 coqunt,

1491 3723 1658 3778 quam
1693 3712 1756 3762 ut
1793 3709 2080 3764 assentiar.

1563 3812 1642 3850 an
1697 3797 1896 3851 eadem.
1970 3797 2073 3851 Die
2125 3797 2310 3867 Frage
2372 3796 2478 3850 mit
2541 3813 2619 3850 an

1494 3866 1708 3936 spricht
1747 3866 1837 3921 die
1875 3867 1978 3921 auf
2023 3867 2112 3922 die
2160 3866 2616 3936 vorhergehende

1492 3937 1673 4007 Frage
1693 3937 2164 3994 wahrscheinlich
2182 3956 2250 3992 zu
2270 3937 2616 3991 erwartende

1492 4010 1752 4063 Antwort
1804 4026 1921 4064 aus.
1995 4008 2075 4062 III
2133 4017 2160 4063 1
2176 4051 2189 4075 ‚
2248 4013 2276 4062 1
2339 4007 2619 4078 Quidnam

1489 4096 1599 4135 esse
1635 4096 1836 4134 causae
1862 4086 2053 4150 putem
2081 4111 2148 4120 -
2179 4096 2278 4134 cur
2309 4081 2488 4134 anmi
2513 4096 2617 4133 me-

1490 4151 1682 4205 dicina
1729 4180 1799 4191 —
1835 4152 2099 4219 pluribus
2152 4152 2317 4205 etiam
2368 4155 2619 4219 suspecta

1489 4226 1540 4276 et
1574 4219 1802 4276 invisa?
1859 4238 1936 4276 an
1971 4223 2117 4291 quod
2153 4222 2397 4290 corporis
2431 4221 2616 4291 yram·-

1490 4297 1654 4348 tatem
1693 4323 1759 4332 —
1798 4294 1985 4347 animo
2021 4290 2376 4347 iudicamus?
