2902 4649
278 79 365 143 72
1061 80 1137 135 M.
1176 78 1427 136 TULLII
1463 79 1849 136 CICERONIS

459 247 660 308 Wenn
706 249 851 308 aber
886 247 1002 308 den
1036 247 1247 309 Rohen
1280 249 1405 308 und
1440 248 1886 326 Ungebildeten
1921 248 2017 308 die
2054 247 2480 310 Leidenschaft
2515 250 2643 309 und

275 337 648 416 Einbildung
712 336 820 397 der
872 337 1403 415 Ehrenhastigkeit
1465 338 1767 415 beffiMgt,
1832 338 1949 397 den
2003 336 2279 397 Schmerz
2332 358 2406 399 zu
2459 339 2640 398 uber-

279 426 544 504 winden‚
590 426 705 487 wie
741 427 959 505 gering
993 429 1154 487 murs
1192 426 1352 487 daun
1396 429 1525 486 erst
1569 425 1678 487 der
1711 428 1959 487 wahren
1994 427 2249 504 Tugend
2291 429 2651 507 gegenflber

278 514 375 576 die
422 515 660 577 Gewalt
703 515 810 575 des
858 517 1201 578 Schmerzes
1247 517 1378 576 sein
1417 510 1485 596 (ἓ
1528 507 1659 598 66).

1746 516 1832 576 Es
1876 515 2070 576 bleibt
2098 517 2168 592 ja
2203 516 2340 576 dem
2376 517 2652 596 Weisen,

277 623 454 666 wenn
506 604 614 665 der
668 605 945 665 Schmerz
999 625 1074 665 zu
1126 606 1297 667 stark
1349 604 1527 683 wird,
1590 605 1744 665 auch
1805 605 2021 665 immor
2075 606 2184 665 das
2237 607 2389 666 Eine
2439 607 2653 686 fibrig,

281 694 467 755 durch
514 694 895 772 freiwilligen
943 694 1072 755 Tod
1119 695 1244 756 sich
1291 696 1489 756 daven
1532 713 1607 755 zu
1651 695 1936 755 befreien.

458 1013 882 1095 Neoptolemus
910 1015 1152 1096 quidem
1190 1016 1345 1095 apud
1382 1015 1643 1077 Ennium
1679 1014 2085 1096 philosophari
2123 1014 2235 1075 sibi
2272 1017 2354 1075 ait
2391 1034 2652 1077 necesse

285 1121 446 1185 esse,
502 1103 608 1164 sed
662 1106 897 1187 paucis;
960 1123 1098 1169 nam
1152 1108 1394 1166 omnino
1451 1104 1609 1166 haud
1664 1104 1929 1184 placere:
1985 1121 2094 1183 ego
2151 1111 2381 1184 autem,
2435 1104 2656 1187 Brute,

283 1210 532 1253 necesse
579 1193 724 1254 mihi
771 1193 1011 1273 quidem
1061 1206 1192 1255 esse
1239 1193 1500 1255 arbitror
1545 1192 1977 1274 philosophari3
2024 1210 2159 1252 nam
2198 1193 2338 1271 quid
2378 1210 2655 1276 possum,

282 1283 638 1361 praesertim
698 1282 844 1343 nihil
906 1301 1113 1364 agenS,
1177 1301 1351 1363 agere
1419 1279 1677 1344 melius?
1741 1281 1847 1343 sed
1912 1299 2032 1343 non
2096 1282 2329 1363 paucis»,
2394 1290 2463 1343 ut
2523 1282 2653 1344 ille.

283 1368 535 1430 Difficile
581 1379 674 1432 est
719 1373 879 1432 enim
934 1376 999 1433 in
1052 1370 1426 1451 philosophia
1471 1390 1660 1453 pauca
1706 1389 1837 1433 esse
1886 1372 1942 1430 ei
1988 1378 2154 1451 nota,
2209 1372 2308 1431 cui
2353 1388 2476 1431 non
2523 1375 2654 1432 sint

284 1464 389 1519 aut
432 1458 715 1539 pleraque
762 1468 867 1521 aut
911 1463 1125 1522 omnia.
1215 1460 1364 1521 Nam
1417 1479 1529 1521 nec
1585 1478 1773 1540 pauca
1830 1460 1947 1520 nisi
1993 1477 2025 1518 e
2073 1459 2276 1520 multis
2324 1458 2461 1539 eligi
2506 1478 2653 1540 pos·

284 1556 427 1609 sunt
471 1565 582 1609 nec
629 1550 733 1627 qui
777 1567 967 1628 pauca
1011 1551 1352 1630 perceperit
1397 1567 1519 1609 non
1563 1549 1721 1610 idem
1760 1548 1986 1627 reliqua
2027 1548 2236 1609 eodem
2275 1549 2472 1610 studio
2509 1568 2648 1628 per·

233 1648 264 1697 2
288 1643 592 1715 sequetur.
685 1636 803 1698 Sed
850 1647 1049 1699 tamen
1097 1641 1158 1698 in
1205 1640 1324 1699 vita
1370 1646 1659 1717 occupata
1713 1646 1918 1719 atque,
1974 1644 2043 1699 ut
2087 1637 2461 1717 Neoptolemi
2515 1644 2651 1699 tum

286 1732 442 1805 erat,
488 1725 732 1787 militari
775 1745 963 1807 pauca
1008 1729 1137 1807 ipsa
1184 1727 1435 1791 multum
1485 1745 1662 1807 saepe
1708 1735 1965 1805 prosunt
2020 1734 2082 1787 et
2135 1728 2340 1788 ferunt
2393 1727 2654 1809 fructus,

284 1814 338 1874 si
374 1831 496 1874 non
530 1820 755 1895 tantoS,
793 1808 1000 1894 quanti
1035 1835 1107 1877 ex
1145 1819 1421 1877 universa
1459 1815 1832 1896 philosophia
1866 1817 2098 1895 percipi
2134 1824 2404 1896 possunt,
2446 1825 2650 1877 tamen

286 1920 419 1983 eos,
457 1902 676 1982 quibus
716 1904 909 1982 aliqua
945 1923 1018 1964 ex
1055 1914 1224 1985 parte
1261 1905 1566 1966 interdum
1613 1911 1715 1966 aut
1761 1904 2084 1984 cupiditate
2132 1911 2236 1966 aut
2271 1905 2646 1984 aegritudine

287 2000 391 2053 aut
448 2000 614 2054 metu
659 1991 1044 2054 liberemur.
1092 1992 1268 2054 Velut
1313 2012 1385 2055 ex
1433 2012 1502 2054 ea
1557 1993 1987 2073 disputatione,
2043 2011 2193 2072 quae
2250 1993 2398 2054 mihi
2451 2011 2653 2074 nuper

287 2079 489 2142 habita
527 2089 620 2142 est
654 2084 717 2143 in
755 2081 1123 2163 Tusculano,
1161 2100 1369 2162 magna
1405 2082 1720 2144 videbatur
1771 2084 1982 2142 mortis
2018 2082 2228 2142 effecta
2265 2085 2653 2163 contemptio,

290 2186 441 2249 quae
490 2188 608 2230 non
660 2173 969 2232 minimum
1018 2170 1173 2232 valet
1228 2171 1298 2232 ad
1345 2173 1609 2233 animum
1655 2179 1822 2233 metu
1865 2168 2256 2232 liberandum.

2347 2171 2496 2232 Nam
2543 2172 2650 2252 qui

288 2257 378 2341 id,
424 2259 583 2339 quod
631 2262 804 2320 vitari
860 2278 979 2320 non
1034 2268 1259 2365 potest,
1316 2263 1556 2342 metuit,
1609 2263 1662 2321 is
1718 2262 1914 2321 vivere
1971 2261 2168 2321 animo
2225 2262 2427 2339 quieto
2483 2259 2652 2321 nullo

290 2347 466 2409 modo
522 2356 746 2430 potest3
803 2349 910 2410 sed
965 2352 1095 2431 qui,
1150 2368 1273 2411 non
1325 2349 1502 2411 modo
1559 2351 1699 2430 quia
1751 2367 1999 2411 necesse
2057 2357 2151 2410 est
2203 2351 2387 2431 mori,
2438 2366 2652 2410 verum

291 2439 469 2499 etiam
526 2439 664 2517 quia
723 2437 870 2498 nihil
922 2437 1105 2499 habet
1159 2457 1321 2500 mors
1385 2438 1544 2519 quod
1610 2441 1690 2500 sit
1751 2437 2147 2519 horrendum,
2209 2446 2467 2500 mortem
2531 2456 2653 2499 non

290 2527 488 2609 timet,
553 2545 832 2606 magnum
894 2528 948 2587 is
1012 2526 1128 2589 sibi
1188 2527 1553 2608 praesidium
1618 2528 1691 2587 ad
1746 2525 1978 2587 beatam
2028 2530 2208 2588 vitam
2271 2529 2656 2607 comparavit.

238 2627 271 2676 3
292 2614 662 2695 Quamquam
708 2634 831 2677 non
877 2634 1086 2678 sumus
1132 2619 1322 2697 ignari
1367 2615 1589 2678 multos
1636 2616 1902 2678 studiose
1939 2622 2147 2677 contra
2185 2634 2318 2677 esse
2365 2616 2658 2698 dicturos,

294 2705 451 2784 quod
498 2708 684 2765 vitare
730 2703 894 2766 nullo
930 2705 1116 2770 modo
1171 2707 1478 2787 potuimus
1486 2753 1507 2786 ‚
1559 2707 1677 2767 nisi
1731 2703 1877 2765 nihil
1933 2707 2175 2766 omnino
2232 2704 2655 2768 scriberemus,

291 2793 529 2854 Etenim
579 2796 630 2854 si
677 2796 1004 2875 oratione8‚
1064 2813 1214 2874 quas
1259 2813 1370 2856 nos
1418 2794 1815 2856 multitudinis
1861 2792 2081 2854 iudicio
2129 2793 2374 2872 probari
2419 2793 2653 2855 voleba-

293 2900 429 2943 mus
476 2914 560 2924 -
599 2882 903 2964 popularis
952 2889 1044 2944 est
1091 2886 1250 2944 enim
1296 2882 1397 2944 illa
1440 2882 1689 2946 facultas
1735 2890 1797 2944 et
1843 2883 2093 2943 effectus
2138 2880 2512 2961 eloquentiae
2559 2890 2659 2944 est

363 3052 506 3121 Kap.
536 3051 596 3106 1.
647 3058 694 3107 1.
723 3052 1124 3122 Neoptolemus.
1179 3053 1288 3108 Mil:
1313 3053 1421 3108 Be-

294 3122 774 3248 riickeichtigunfi
815 3140 928 3179 von
975 3124 1090 3179 Cic.
1139 3124 1192 3180 d.
1242 3141 1320 3180 or.
1369 3124 1423 3179 Π

295 3200 384 3264 37,
424 3200 526 3249 156
575 3194 678 3249 hat
774 3194 980 3250 ibbeck
1028 3195 1137 3250 den
1172 3194 1314 3251 Vere
1358 3211 1422 3251 so

293 3266 769 3407 ὴθῐὲἕῗξειὲὲῑιαή
803 3345 882 3394 est
915 3339 1054 3393 mihi
1086 3353 1319 3405 necesse,
1363 3342 1425 3393 at

287 3410 523 3477 paucis;
576 3426 708 3462 nam
762 3411 985 3465 omnino
1038 3411 1176 3465 haut
1220 3410 1421 3479 placet.

296 3479 566 3534 Derselbe
639 3483 922 3535 vermulzet
1008 3481 1186 3552 (Rom.
1259 3481 1425 3550 Trag.

339 3552 549 3618 .‚14o)
596 3549 719 3604 dass
758 3550 859 3605 der
893 3552 1033 3607 Vers
1072 3571 1140 3606 zu
1177 3552 1276 3606 der
1311 3550 1425 3605 An·

363 3620 604 3677 omaoha
655 3622 1024 3678 aechmalotie
1069 3623 1303 3693 gehore,
1365 3623 1427 3677 in

295 3692 569 3747 walchem
609 3690 820 3747 Stficke
863 3693 980 3747 sich
1019 3694 1426 3763 Neoptolemus

297 3763 406 3818 mit
470 3763 681 3818 Nestor
753 3763 960 3832 beriet,
1033 3765 1247 3819 welche
1322 3764 1424 3820 Be·

299 3834 667 3917 schaftigung
721 3850 781 3889 er
825 3834 1048 3889 vahlen
1104 3836 1271 3902 solie,
1328 3852 1426 3889 um

298 3906 418 3961 sich
456 3905 690 3962 weitem
727 3906 913 3960 Ruhm
951 3924 1017 3959 zu
1053 3905 1422 3961 verschaffen.

299 3977 429 4048 vgl.
468 3977 615 4034 Plat.
655 3977 822 4047 Hipp.
860 3977 990 4033 mai.
1028 3993 1083 4046 p.
1121 3978 1308 4032 286Β.

371 4050 516 4103 nihil
578 4064 746 4117 ayone
807 4065 965 4130 agere
1026 4049 1232 4104 melius.
1315 4047 1425 4103 Ein

301 4118 596 4175 ahnliches
614 4119 924 4190 Wortspiel
960 4117 1098 4174 wird
1129 4118 1268 4174 Cato
1305 4118 1423 4174 bei·

340 4191 510 4275 elegt.
584 4189 799 4247 Colum.
836 4188 914 4243 XI
945 4196 973 4245 1
1013 4189 1177 4245 Nihil
1212 4188 1424 4262 ayendo

423 4264 544 4318 ines
582 4263 724 4317 male
767 4278 926 4331 aqere
970 4263 1221 4330 discunt,
1276 4261 1424 4316 doch

1528 3053 1771 3107 braucht
1825 3051 1938 3108 Cic.
1992 3054 2138 3107 m’hil
2192 3068 2359 3121 agens
2412 3052 2537 3108 hier
2589 3054 2651 3109 in

1530 3123 1720 3193 Bezug
1747 3122 1850 3177 auf
1873 3123 1964 3179 die
1982 3124 2284 3192 politische
2303 3121 2472 3178 Thau
2476 3124 2655 3194 gkeit.

1603 3200 1653 3249 2.
1700 3210 1769 3248 ex
1814 3209 1878 3249 ea
1922 3196 2325 3278 disputatione;
2370 3211 2439 3249 σω
2485 3196 2658 3280 steht,

1533 3265 1616 3320 als
1645 3265 1720 3320 ob
1747 3264 1839 3320 ein
1865 3265 2113 3321 Verbum
2142 3267 2249 3320 wie
2284 3268 2471 3333 nasci,
2509 3268 2652 3321 oron·

1530 3336 1725 3407 folgen
1759 3337 1964 3391 wiirde
2040 3338 2196 3392 Brut.
2233 3335 2320 3405 9⁷,
2357 3344 2464 3392 332
2501 3356 2570 3392 ex
2603 3342 2657 3393 to

1531 3409 1738 3477 duplex
1772 3424 1873 3462 nos
1909 3408 2089 3475 afficit
2123 3409 2449 3464 sollicitudo.

1606 3485 1656 3537 3.
1695 3478 1920 3533 Etenim
1938 3481 1991 3534 si
2007 3480 2304 3534 orationes.-
2343 3482 2486 3535 statt
2512 3480 2657 3538 nach

1535 3550 1634 3604 der
1659 3550 2004 3606 Parenthese
2031 3551 2413 3606 fortzufahren
2450 3565 2488 3605 a
2518 3550 2660 3606 mul-

1533 3623 1627 3746 ἒῗῗ.
1660 3622 2502 3760 ᾌῧέῗῗὲωἷίαέἓᾶῗὲ
2542 3622 2658 3749 333.

1535 3762 1755 3830 (hund,
1799 3764 2053 3819 weshalb
2093 3765 2226 3834 Jene
2274 3765 2428 3819 scine
2465 3763 2659 3822 Reden

1533 3833 1695 3888 nieht
1720 3833 2008 3917 billigten‚
2048 3831 2299 3905 sogleich
2328 3835 2477 3889 mit
2460 3851 2522 3889 m
2548 3835 2660 3890 den

1533 3906 1664 3961 Satn
1702 3904 1867 3959 zieht.
1945 3904 2213 3974 S.1o‚37
2248 3906 2508 3961 militiam
2533 3921 2662 3962 vero

1533 4005 1601 4018 --
1638 3977 1816 4031 metri
1851 3979 2137 4033 exercitus.

1603 4049 1821 4115 effeetus
1858 4048 2218 4118 eloquentiae,
2254 4048 2353 4104 d.'
2336 4067 2375 4103 1.
2412 4050 2477 4103 iol
2512 4050 2659 4120 quod

1532 4120 1703 4186 efficit
1737 4119 2045 4188 eloquentia
2098 4119 2216 4173 und
2270 4118 2468 4176 darum
2516 4121 2660 4176 auch

1530 4190 1594 4314 eZd
1627 4190 1785 4315 lquod
1834 4191 2045 4258 efficere
2099 4192 2307 4257 studet,
2363 4191 2484 4246 also
2536 4191 2664 4246 ‘das

1572 4278 1624 4316 1e
