2902 4649
918 133 1776 191 STELLEN-VERZEICHNIS.
2392 137 2517 201 157

33 271 34 342 Ῐ
155 307 358 365 venire
394 305 619 377 aliquid
655 308 707 362 et
743 308 865 363 tam
899 303 1085 363 multa
1121 303 1263 372 alia,
1308 304 1654 370 meminisse,
1702 321 1922 372 amare,
1968 305 2169 365 odisse.
2256 307 2359 365 25.
2395 308 2519 366 iafm

31 389 34 436 ἶ
155 395 307 454 istuc
342 392 596 451 Hdschr.
644 423 718 433 -—
759 409 902 451 nam
935 393 1099 451 istuc.
1192 393 1295 451 30.
1334 395 1437 451 aut
1473 409 1769 453 concessus
1803 392 2084 452 Bouhier.
2158 392 2296 469 Vgl.
2325 394 2520 454 Heine

31 497 32 500 ’
157 481 259 542 Pr.
305 480 373 542 P.
418 501 477 557 p.
519 484 576 540 6.
625 512 708 522 -—
764 478 907 556 [aut
959 477 1316 555 consensus]
1421 482 1523 540 31.
1580 482 1666 540 ait
1716 481 1815 540 ille
1858 479 2234 559 Wesenberg
2296 514 2371 524 -
2434 486 2521 544 ait

31 589 32 592 ¹
156 570 382 631 Statius
436 562 552 649 (ait
603 561 902 650 Hdsehr.).
1004 570 1440 643 sepulchrorum
1491 574 1887 637 monumenta,
1949 571 2135 645 eloqia
2193 600 2269 612 —
2330 573 2519 645 sepul-

158 659 427 719 chrorum
484 654 927 734 [monumenta]
985 659 1184 731 eloqia.
1292 659 1393 718 34.
1456 659 1637 731 quid?
1684 658 1893 732 poetae
1950 675 2142 718 nonne
2196 657 2260 720 O.
2308 659 2373 719 F.
2421 659 2520 718 W.

157 747 379 807 Mffller
426 778 511 789 --
559 749 700 821 quid
741 747 991 822 poetae?
1043 764 1248 805 nonne.
1336 748 1540 820 pina-it
1596 746 1855 806 Hdsehr.-
1898 777 1973 789 —
2014 750 2247 821 permit.
2311 766 2521 808 nomen

157 838 353 897 liceret
395 835 569 895 Wolf
607 866 697 878 -·—
741 852 949 895 nomen
983 829 1124 895 non·
1146 836 1351 894 liceret.
1427 828 1573 915 (non
1618 836 1810 895 liceret
1851 828 2156 917 Hdschr.).
2234 839 2338 898 37.
2382 839 2519 909 sieri

143 929 391 1001 possent
432 924 689 985 Hdechr.
738 956 823 966 —
870 926 1005 996 sieri
1036 929 1302 998 possunt.
1394 929 1631 998 apertae
1676 942 1744 984 ex
1789 926 1930 985 ostio
1977 926 2134 985 altae
2166 923 2523 986 Acheruntis

155 1016 318 1075 salso
353 1016 653 1089 sanquine,
689 1014 975 1088 imagines
1007 1016 1367 1072 mortuorum
1405 1030 1450 1073 e.
1488 1012 1758 1072 Ribbeck
1794 1015 1950 1090 trag.
1989 1013 2094 1073 lat.
2132 1014 2266 1074 rell.
2300 1034 2359 1090 p.
2389 1016 2517 1074 245

158 1102 248 1165 ed.
279 1103 358 1162 II.
450 1107 648 1177 aperto
695 1120 765 1162 ex
809 1103 951 1162 ostio
996 1102 1152 1161 altae
1193 1099 1562 1168 Acheruntis,
1607 1103 1761 1175 falso
1806 1105 2116 1176 sanquine,
2160 1108 2522 1163 mortuonvm

153 1194 457 1267 imaqines.
563 1194 665 1252 39.
720 1191 1198 1265 descriptionibus
1250 1190 1432 1267 Vulg.
1493 1221 1568 1233 —
1630 1191 2115 1265 discriptionibus.
2216 1194 2319 1252 40.
2376 1210 2522 1251 num

154 1282 339 1356 ἐρίων
393 1281 766 1341 dubitamus?
819 1297 901 1340 an
956 1282 1107 1340 sicut
1150 1280 1430 1353 pleraque
1483 1278 1737 1340 Hdechr.
1785 1310 1870 1321 —
1916 1298 2061 1339 num
2111 1282 2293 1355 iyum·
2353 1282 2520 1340 dubi·

155 1374 352 1430 tamus
395 1372 546 1429 sicut
582 1370 884 1448 pleraque.
976 1369 1080 1428 43.
1129 1367 1282 1427 Tum
1327 1370 1479 1427 enim
1532 1398 1606 1410 -
1659 1370 1904 1443 adeptus
1947 1368 2207 1445 Bentley
2253 1401 2341 1410 —
2387 1387 2519 1428 cwm

155 1461 311 1519 enim
373 1489 447 1499 -—
508 1459 750 1532 adeptus
804 1461 887 1518 est
944 1449 1105 1535 (cum
1158 1458 1312 1516 enim
1370 1487 1448 1498 —
1510 1457 1755 1531 adeptus
1812 1451 2116 1540 Hdechr).
2202 1458 2305 1517 50.
2352 1462 2416 1517 at
2468 1460 2521 1517 si

151 1549 282 1607 iam
331 1546 589 1650 possent
635 1545 829 1605 Heine
884 1575 973 1586 —-
1034 1549 1139 1604 aut
1197 1547 1252 1605 si
1312 1547 1438 1605 iam
1485 1550 1726 1619 possent
1788 1538 1901 1626 (ut
1934 1564 1981 1606 s.
2027 1549 2067 1607 i.
2102 1565 2167 1620 p.
2216 1539 2519 1626 Hdechr.).

151 1636 262 1696 51.
476 1666 555 1677 —-
600 1652 942 1708 possemms,
1002 1637 1148 1692 certe
1203 1638 1257 1693 et
1309 1634 1482 1693 deum
1533 1636 1730 1708 ipsum
1783 1639 1838 1693 et
1889 1636 2066 1694 divin.
2124 1653 2221 1695 an.
2266 1666 2354 1675 —
2399 1652 2518 1693 non

139 1742 466 1799 possumms
510 1723 704 1782 Heine
752 1753 837 1764 —
881 1723 1001 1782 nisi
1041 1752 1116 1764 —
1159 1739 1279 1781 non
1310 1739 1645 1795 possumus,
1692 1727 1838 1783 certe
1884 1728 1937 1782 et
1970 1725 2141 1783 deum
2176 1726 2216 1783 i.
2254 1728 2307 1782 et
2341 1724 2519 1783 divin.

152 1831 254 1874 am.
308 1843 386 1855 —
423 1830 757 1888 possumus.
841 1812 945 1870 52.
990 1828 1101 1884 quo
1145 1814 1335 1870 monet
1382 1842 1460 1852 -—
1511 1808 1659 1886 [quo
1701 1808 1939 1887 monetJ.
2030 1813 2132 1872 58.
2180 1813 2332 1885 quod
2374 1830 2518 1871 sem-

143 1919 262 1976 per
307 1901 422 1962 tale
464 1905 557 1969 sit,
604 1901 774 1974 quale
820 1904 928 1960 est:
987 1895 1157 1958 ἰδέαν
1201 1900 1461 1973 appellat
1504 1899 1765 1975 Seyffert
1817 1929 1893 1941 -·
1944 1902 2097 1974 quod
2139 1918 2362 1975 semper
2406 1901 2522 1961 tale

145 1992 259 2058 sit,
320 1991 491 2063 quale
542 1992 641 2057 sit,
706 2006 885 2062 quam
941 1983 1110 2047 ἰδέαν
1169 1988 1440 2062 appellat.
1544 1990 1645 2048 60.
1702 1991 1938 2048 atrimae
1989 1992 2067 2049 sit
2125 1989 2387 2065 Bentley
2437 2020 2515 2031 —

147 2081 361 2139 anima
414 2080 508 2138 sit.
576 2095 668 2136 me
709 2078 923 2151 pudet—
937 2074 1193 2135 Hdschr.
1241 2107 1330 2116 —
1364 2076 1564 2150 pudet.
1629 2078 1751 2135 sive
1804 2079 1960 2150 iqnis
2011 2079 2089 2137 sit
2130 2076 2384 2136 Hdschr.
2435 2110 2519 2118 —

145 2170 279 2228 sive
312 2169 469 2242 iynis
506 2171 600 2226 est.
680 2168 780 2225 62.
820 2166 921 2239 qui
958 2166 1153 2224 animo
1189 2157 1337 2223 vidit
1372 2195 1459 2205 —
1497 2166 1598 2237 qui
1632 2161 1939 2239 [animus]
1974 2167 2134 2225 vidit.
2223 2169 2323 2225 71.
2361 2169 2520 2225 iunc-

145 2259 309 2316 tione
361 2254 615 2314 Hdschr.
671 2284 747 2294 -—
805 2254 1211 2313 coniunctione.
1312 2254 1412 2312 75.
1462 2254 1802 2327 ecquidnam
1847 2253 2012 2313 aliud
2058 2259 2140 2313 est
2180 2250 2301 2314 nisi
2346 2254 2514 2313 Mad-

147 2346 263 2422 vig
311 2376 394 2386 -—
456 2345 796 2418 ecquidnam
855 2343 1022 2402 aliud
1080 2348 1163 2401 est
1220 2359 1397 2416 quam
1458 2333 1587 2420 (nec
1644 2344 1952 2416 quicquam
2012 2344 2176 2403 aliud
2235 2346 2413 2403 emori
2474 2362 2519 2405 c.

147 2426 357 2514 Gud..)
470 2437 506 2494 7
515 2436 571 2493 8.
617 2433 683 2493 id
733 2449 852 2492 non
906 2430 1217 2491 concedant
1267 2429 1516 2507 Madvig
1565 2461 1643 2472 —
1693 2432 1757 2490 id
1811 2433 2227 2491 circumcidant
2279 2425 2520 2511 (idcirco

145 2540 280 2584 non
313 2523 460 2583 dant
503 2514 808 2601 Hdschr.).
902 2521 1005 2579 80.
1044 2536 1193 2593 quae
1226 2550 1301 2559 —
1345 2520 1619 2579 dicantur
1654 2518 1972 2578 He‘ine—
2011 2538 2252 2579 cwm—
2292 2522 2523 2581 dicatur

148 2604 354 2691 (cwm
366 2642 442 2653 --
486 2612 757 2671 dicantur
800 2599 1084 2688 Hdschr.)
1150 2610 1377 2681 faciant
1428 2607 1684 2668 Hdschr.
1747 2639 1832 2649 —
1897 2611 2139 2682 faciunt.
2250 2610 2354 2667 84.
2409 2627 2519 2682 quo

147 2699 425 2776 Seyffert
479 2729 561 2740 —
617 2701 684 2758 in
737 2715 848 2772 quo
901 2688 1080 2775 (quod
1133 2688 1439 2777 Hdschr..)
1550 2697 1654 2756 86.
1707 2695 1861 2772 [non
1913 2698 2080 2758 liberi
2133 2698 2347 2770 defleti,
2400 2715 2522 2757 non

143 2791 432 2864 fortunae
475 2805 670 2847 omnes
715 2805 755 2846 a
809 2787 1121 2846 victoribus
1162 2781 1637 2860 possiderentur]
1681 2786 1803 2863 vgl.
1849 2785 2041 2846 Heine
2084 2784 2186 2846 Pr.
2222 2785 2291 2847 P.
2335 2807 2393 2861 p.
2437 2787 2516 2846 15

148 2908 244 2920 —
292 2874 445 2952 [non
489 2878 655 2936 liberi
699 2871 923 2949 defleti]
975 2891 1093 2933 non
1146 2875 1419 2946 fortunae
1471 2891 1668 2933 omnes
1718 2892 1757 2933 a
1800 2877 2112 2935 victoribus
2154 2877 2521 2949 possideren-

145 2972 273 3026 twr.
335 2966 588 3039 proinde
632 2966 803 3037 quasi
846 2961 1102 3023 Hdsehr.
1151 2994 1238 3004 --
1271 2963 1521 3036 perinde
1565 2965 1749 3035 quasi.
1862 2964 1966 3022 87.
2010 2965 2076 3024 id
2129 2966 2259 3037 quis
2312 2964 2524 3023 dixerit

145 3053 352 3113 Heine
404 3084 481 3094 -—
533 3055 724 3126 ecquis
765 3053 830 3111 id
874 3053 1086 3112 dioeerit
1129 3041 1235 3131 (sit
1277 3053 1378 3124 qui
1419 3051 1486 3110 id
1529 3051 1583 3110 d.
1630 3041 1936 3132 Hdsehr.).
2040 3053 2145 3110 88.
2190 3054 2276 3112 ita
2320 3069 2521 3112 carere

141 3141 410 3202 'Fischer
457 3173 540 3183 —
588 3140 853 3219 †carere.
956 3141 1057 3199 91.
1106 3143 1211 3199 aut
1241 3140 1642 3212 posteritatem
1687 3137 1751 3198 O.
1802 3139 1869 3201 F.
1906 3137 2002 3199 W.
2039 3140 2260 3198 Muller
2316 3171 2399 3181 -—
2454 3144 2523 3199 ut

131 3233 564 3306 posteritatem.
658 3231 761 3288 92.
807 3229 908 3301 qui
952 3232 1035 3288 est
1077 3244 1242 3287 mons
1288 3226 1505 3287 Cariae
1548 3228 1873 3286 klammert
1907 3227 1978 3288 B.
2025 3227 2138 3286 ein.
2194 3230 2335 3288 .96.
2372 3246 2517 3302 pen-

147 3322 362 3381 demus
398 3320 583 3379 afnimi
618 3316 991 3393 Wesenberg
1037 3345 1111 3357 —
1144 3316 1469 3389 pendemus
1505 3318 1734 3375 animis.
1829 3317 1931 3375 97.
1976 3317 2139 3376 vadit
2173 3318 2240 3374 in
2275 3318 2517 3376 eundem

144 3407 338 3485 Vulg.
392 3437 470 3449 —
516 3407 682 3466 vadit
733 3407 886 3465 enim
936 3407 1003 3464 in
1056 3405 1314 3464 eundem.
1376 3407 1654 3477 potatque
1708 3404 1948 3463 eimdem
2001 3405 2277 3478 scyphum
2322 3404 2515 3463 Heine

152 3528 239 3538 —
292 3500 463 3569 atque
514 3499 582 3554 in
635 3495 876 3554 eumdem
927 3510 1004 3553 sc.
1114 3493 1259 3553 102.
1303 3496 1486 3551 morte
1537 3509 1597 3552 n.
1643 3493 1696 3551 d.
1745 3494 2071 3552 occumbere
2123 3491 2380 3553 Hdschr.
2436 3524 2509 3534 -

143 3589 479 3645 mortemn.
499 3585 556 3644 d.
575 3584 915 3644 occumbere.
969 3579 1645 3641 ististschr.-—istic.
1725 3580 2510 3655 103.isqwidemHeine—

144 3676 217 3734 id
252 3675 501 3748 quidem,
580 3673 725 3731 104.
764 3673 829 3731 in
851 3671 1123 3744 patriam
1157 3668 1484 3727 klammert
1517 3669 1586 3729 B.
1625 3668 1740 3728 ein.
1822 3671 1968 3730 106.
2003 3688 2202 3731 somno
2238 3688 2515 3744 suspenso

146 3761 414 3821 Hdsehr.
470 3792 556 3802 —
610 3777 809 3820 sommo
872 3774 1231 3833 suspensam.
1295 3758 1576 3831 reliquias
1639 3773 1848 3831 quaeso
1907 3761 2061 3820 mias
2114 3759 2381 3819 Ribbeck
2436 3762 2512 3819 tr.

141 3851 256 3910 lat.
287 3849 398 3910 rel.
423 3871 484 3925 p.
517 3851 638 3908 101
679 3880 754 3889 -
787 3849 1117 3921 reliquias.
1194 3863 1423 3906 ..meas
1522 3848 1664 3906 113.
1693 3844 1957 3922 Aryivae
1991 3847 2248 3908 Lambin
2278 3879 2361 3888 —
2390 3845 2509 3907 Ar-

141 3941 304 4015 yiae.
379 3940 444 3998 id
504 3939 626 3998 illis
668 3938 929 4011 praemii
997 3967 1071 3977 —
1140 3891 1261 3994 illis
1303 3937 1644 4008 praemium
1710 3930 1857 4015 (illis
1908 3939 2164 4011 praemii
2227 3933 2511 4035 Hdschr.)

152 4030 310 4088 116.
355 4029 528 4087 rebus
580 4056 655 4068 —
706 4021 963 4101 [rebusJ.
1031 4022 1287 4084 Codrum
1342 4030 1789 4084 commemorant
1841 4025 2081 4084 Vahlen
2135 4008 2423 4084 zeitschr.
2472 4025 2513 4084 f.

149 4120 304 4177 6etr.
360 4114 575 4192 Gymn.
637 4116 806 4174 1873
865 4133 920 4190 p.
967 4114 1092 4173 243
1151 4142 1236 4152 -
1299 4109 1570 4171 Codrum.
1644 4114 1792 4187 viaet
1855 4113 2111 4175 Hdschr.
2173 4143 2250 4155 —
2307 4117 2512 4188 viyent.

151 4208 309 4264 117.
353 4206 440 4263 ita
484 4235 568 4249 --
617 4199 787 4279 [itaJ.
902 4203 1046 4264 118.
1099 4203 1164 4269 in
1218 4205 1479 4261 nostram
1532 4202 1764 4262 domum
1813 4234 1890 4244 --
1956 4202 2208 4263 Hdschr.
2254 4207 2515 4267 nostram

143 4294 408 4354 domum.
