2902 4649
627 143 1231 201 TUSCULANARUM
1267 145 1880 202 msPUTA'rIoNUM
1915 146 2009 204 111.
2046 113 2277 205 '54—57.
2540 147 2627 214 33

448 312 678 393 Duplex
741 321 834 375 est
891 314 1074 392 igitur
1133 314 1285 374 ratio
1345 314 1472 373 veri
1531 312 1897 394 reperiendi,
1961 332 2081 374 non
2143 316 2207 375 in
2270 316 2345 376 iis
2410 314 2621 396 solum,
2642 326 2710 377 56

268 420 425 483 quae
473 401 650 484 mala,
698 400 803 463 sed
850 405 913 463 in
959 404 1032 462 iis
1077 403 1283 483 etiam,
1329 420 1484 481 quae
1529 401 1683 463 bona
1720 403 2014 464 videntur.
2091 402 2239 465 Nam
2287 413 2390 466 aut
2435 406 2625 483 ipsius

267 494 361 553 rei
406 498 618 552 natura
667 490 858 570 qualis
903 500 966 552 et
1010 498 1229 570 quanta
1284 491 1364 552 sit
1420 493 1790 573 quaerimuS,
1846 501 1912 553 ut
1967 491 2041 553 de
2097 500 2448 573 paupertate
2504 512 2625 555 non

270 598 624 661 numquam,
679 581 852 641 cuius
907 598 1060 641 onus
1115 579 1472 660 disputando
1529 579 1793 643 levamus
1844 581 2157 662 docenteS,
2215 600 2392 661 quam
2447 600 2628 662 parva

260 677 331 730 et
377 687 552 748 quam
600 687 787 749 pauca
835 671 957 729 sint
1002 686 1153 748 quae
1202 677 1413 730 natura
1462 668 1788 751 desideret,
1846 679 1950 731 aut
2005 688 2038 729 a
2088 663 2431 750 disputandi
2485 670 2625 733 sub-

251 758 483 827 ‚tilitate
520 761 851 820 orationem
897 758 970 819 ad
1016 758 1286 838 exempla
1322 757 1709 820 traducimus,
1800 757 1909 819 Hic
1951 759 2227 820 Socrates
2267 778 2624 821 commemo-

270 855 468 929 ratur,
514 846 613 908 hic
659 847 981 929 Diogene8‚
1025 847 1124 908 hic
1173 846 1571 908 Caecilianum
1615 847 1790 909 illud:

620 952 818 1031 Sae‘pe
863 961 955 1015 est
996 958 1181 1016 etiam
1224 953 1335 1016 sub
1373 956 1625 1032 palliolo
1670 955 1920 1017 so'rdido
1964 954 2287 1032 sapientia.

270 1040 421 1122 Cum
468 1062 626 1122 enim
675 1063 1043 1141 paupertatis
1088 1079 1207 1123 una
1254 1061 1578 1141 eademque
1628 1062 1706 1122 sit
1749 1063 1864 1141 vis,
1919 1060 2199 1140 quidnam
2247 1061 2365 1122 dici
2410 1068 2627 1143 potest,

270 1166 450 1229 quam
496 1148 572 1210 ob
619 1167 749 1210 rem
796 1149 857 1210 C.
895 1148 1167 1212 Fabricio
1187 1149 1529 1212 tolerabilis
1577 1167 1645 1211 ea
1691 1151 1899 1232 fuerit,
1944 1150 2046 1211 alii
2089 1158 2311 1229 negent
2355 1168 2420 1211 se
2466 1150 2627 1212 ferre

264 1234 494 1319 posse?
584 1238 737 1300 Huic
791 1240 976 1319 igitur
1031 1239 1203 1302 alteri
1256 1241 1465 1320 generi
1520 1238 1731 1301 similis
1785 1247 1877 1300 est
1934 1257 2002 1300 ea
2057 1240 2208 1300 ratio
2266 1238 2627 1321 consolandi,
2646 1253 2715 1304 57

182 1343 187 1348 ·
270 1346 423 1407 quae
490 1327 667 1389 docet
725 1327 983 1389 humana
1046 1346 1178 1390 esse
1238 1347 1390 1409 quae
1450 1328 1797 1390 acciderint.
1884 1326 2016 1390 Non
2083 1330 2244 1389 enim
2305 1327 2367 1388 id
2433 1327 2626 1389 solum

269 1420 540 1478 continet
584 1434 653 1478 ea
700 1417 1050 1499 disputatio,
1097 1426 1166 1479 ut
1210 1420 1611 1498 cognitionem
1648 1417 1874 1479 adferat
1917 1419 2156 1497 generis
2203 1416 2472 1498 humani,
2508 1416 2625 1480 ,sed

263 1506 564 1585 significat
627 1506 956 1568 tolerabilia
1020 1525 1152 1567 esse
1214 1524 1364 1587 quae
1430 1514 1492 1567 et
1555 1505 1803 1568 tulerint
1866 1515 1928 1568 et
1991 1506 2185 1567 ferant
2240 1508 2445 1568 ceteri.
2537 1506 2623 1567 De
2644 1506 2735 1571 24

267 1602 619 1674 paupertate
678 1597 899 1674 agitur:
966 1595 1137 1657 multi
1195 1598 1490 1675 patientes
1553 1613 1847 1675 pauperes
1914 1602 2485 1676 commemorantur3
2551 1595 2624 1656 de

267 1683 707 1745 contemnendo
753 1683 1008 1746 honore:
1055 1683 1227 1745 multi
1272 1683 1611 1745 inhonorati
1656 1685 2047 1763 proferuntur
2095 1692 2157 1745 et
2204 1684 2444 1764 quidem
2490 1702 2625 1764 pro·

263 1780 404 1852 pter
451 1773 512 1833 id
566 1774 765 1851 ipsum
819 1771 1143 1854 heatioreS,
1198 1789 1558 1853 eorumque,
1615 1775 1718 1852 qui
1773 1775 2068 1853 privatum
2125 1774 2313 1835 otium
2370 1774 2626 1852 negotiis

267 1860 527 1941 publicis
582 1860 1015 1943 antetulerunt‚
1070 1862 1417 1923 nominatim
1476 1864 1593 1922 vita
1658 1860 1957 1944 laudatur,
2022 1880 2134 1923 nec
2201 1861 2413 1923 siletur
2478 1860 2622 1923 illud

266 1952 670 2030 potentissimi
735 1953 895 2029 regis
958 1958 1368 2031 anapaestum,
1432 1952 1539 2029 qui
1601 1947 1801 2012 laudat
1864 1968 2070 2012 senem
2131 1959 2192 2012 et
2255 1952 2623 2013 fortunatum

264 2122 367 2177 sei.
442 2122 557 2177 Das
593 2126 741 2177 wiire
788 2121 924 2177 aber
970 2121 1095 2177 eine
1140 2127 1389 2192 angenu-

308 2193 452 2247 ende
464 2193 876 2275 Entgegnung,
897 2209 997 2247 aus
1020 2192 1119 2247 der
1135 2194 1388 2249 nement-

265 2211 386 2320 fich
420 2264 581 2320 nicht
625 2264 727 2319 das
773 2235 945 2336 fosgb,
990 2280 1105 2320 was
1151 2264 1277 2320 hier
1322 2283 1389 2319 zu

266 2336 550 2392 beweisen
603 2336 703 2406 ist,
769 2306 1042 2404 namli’ch,
1106 2335 1232 2392 dass
1288 2335 1388 2391 das

264 2407 654 2463 Unerwartete
699 2408 858 2462 nicht
898 2405 1074 2462 allein
1107 2406 1388 2463 imstande

261 2478 362 2548 ist,
382 2478 473 2533 die
491 2475 919 2534 Bekiimmernis
937 2478 1387 2534 hervorzurut'en.

264 2550 382 2604 Der
410 2548 704 2618 Gedanke,
734 2550 845 2603 den
874 2547 1068 2604 Cicero
1095 2550 1390 2605 schreiben

264 2620 501 2689 muratae,
555 2620 651 2675 ist:
714 2621 875 2676 Zwar
928 2619 1074 2676 trifft
1128 2638 1233 2675 uns
1287 2621 1387 2676 das

263 2691 652 2747 Unerwartete
688 2691 961 2762 hestiger,
1007 2692 1156 2748 deun
1192 2708 1252 2747 es
1288 2692 1386 2746 be-

260 2761 461 2830 wirkt,
500 2761 624 2818 dass
651 2779 758 2816 uns
787 2763 916 2830 das,
952 2779 1068 2817 was
1096 2780 1199 2817 uns
1227 2762 1387 2830 stifft,

262 2832 483 2916 grosser
517 2833 829 2903 ascheim,
880 2833 1015 2889 aber
1051 2834 1110 2888 in
1145 2834 1388 2888 Bekiim-

259 2903 475 2959 mernis
501 2905 775 2960 vet-fallen
801 2904 905 2959 wir
929 2923 1057 2975 nur,
1096 2921 1261 2960 wenn
1286 2904 1390 2959 wir

258 2975 395 3030 eine
414 2974 593 3031 Sache
613 2976 698 3030 als
718 2948 1057 3060 Ungluck
1074 2977 1386 3031 ansehen.

264 3046 330 3102 S.
383 3052 414 3113 ς
471 3053 539 3102 31
595 3063 765 3117 quare
810 3048 1021 3116 accipio
1067 3048 1310 3117 equidem
1353 3065 1390 3102 a

265 3116 595 3189 Cyrenaicis
609 3119 742 3174 haec
761 3135 919 3173 arma
938 3119 1325 3189 —simulque
1299 3137 1389 3173 iu-

260 3190 394 3245 dico
462 3190 668 3245 malum
736 3191 881 3245 illud
947 3191 1228 3259 opinionis
1282 3205 1392 3245 esse

261 3275 387 3316 ‘non
421 3267 672 3318 natwrae.
747 3260 822 3316 Es
849 3259 923 3315 ist
946 3260 1106 3316 nicht
1132 3261 1388 3316 unwahr-

263 3330 605 3399 scheinlich,
673 3331 793 3388 dass
854 3330 968 3387 Cic.
1024 3332 1389 3402 geschrieben

260 3402 373 3457 hat
417 3419 547 3458 non
591 3404 654 3458 id
700 3405 788 3472 eff.
835 3408 900 3458 ut
943 3420 1032 3470 ea,
1089 3420 1228 3473 quae
1277 3419 1386 3459 acc.

259 3473 447 3529 mala
481 3475 800 3543 videamur,
837 3473 954 3529 und
991 3445 1114 3530 dass
1154 3474 1244 3529 die
1282 3474 1388 3529 fol-

312 3544 491 3599 enden
501 3546 695 3601 Worte
725 3546 994 3601 unechter
1020 3546 1218 3601 Zusatz
1247 3544 1388 3600 sind.

326 3615 465 3670 amit
492 3615 711 3671 stimmt
735 3616 992 3686 ubet-ein,
1022 3614 1143 3672 dats
1173 3634 1233 3672 er
1257 3622 1288 3683 ἕ
1322 3621 1389 3673 ’14

265 3686 418 3742 auch
455 3687 556 3742 das
582 3688 930 3744 Nachlassen
968 3689 1064 3742 des
1092 3688 1386 3743 Kummers

263 3755 430 3812 nicht
478 3758 563 3814 als
614 3757 739 3815 eine
784 3759 1064 3828 Wirkung
1118 3759 1216 3813 der
1267 3758 1389 3814 Zeit

267 3845 347 3883 an
383 3828 527 3898 sich,
567 3830 805 3886 sondern
841 3830 939 3884 des
975 3828 1385 3885 Naehdenkens

264 3899 578 3970 aufgefasst
610 3902 726 3957 hat„

346 3977 428 4027 56
467 3973 535 4027 de
606 3977 916 4041 aupertate,
974 3972 1112 4026 ‘was
1160 3970 1250 4025 die
1287 3971 1388 4024 Ar-

267 4043 396 4096 mut
421 4044 565 4098 anbe
594 4042 751 4099 rifft’.
817 4044 929 4098 Der
946 4042 1239 4096 Ausdruck
1265 4058 1388 4098 ver-

265 4113 399 4168 tritt
433 4114 539 4170 mit
576 4115 728 4169 einer
769 4112 1043 4185 gewissen
1070 4112 1247 4168 Kurze
1294 4114 1386 4169 die

266 4182 449 4241 Stelle
486 4184 637 4241 eines
665 4201 879 4256 ganzen
907 4186 1113 4240 Satzes.
1189 4184 1259 4241 de
1295 4184 1384 4241 off.

267 4255 298 4309 I
338 4262 422 4325 15,
460 4262 529 4312 47
569 4258 635 4312 de
670 4258 1119 4312 benevolentia—
1053 4257 1388 4326 -primum

264 4328 415 4383 illud
450 4334 528 4383 est
563 4330 627 4385 in
671 4329 869 4397 officie.
944 4328 1017 4383 ad
1053 4328 1262 4384 Att.11
1304 4333 1387 4397 16,

377 4428 479 4467 Ηιι
429 4438 566 4480 ιιιιι,
595 4427 646 4470 ci
649 4430 774 4470 οιι.Τ
779 4429 886 4470 seul.
928 4430 965 4469 2.
985 4428 1108 4469 Hert.

1499 2126 1532 2175 2
1569 2122 1635 2176 de
1664 2121 2002 2191 publicanis,
2039 2122 2273 2177 voluisse
2306 2123 2396 2177 illi
2432 2124 2623 2178 ordini

1497 2193 1845 2249 commodare.
1920 2193 1994 2247 ad
2048 2193 2182 2247 fam.
2233 2193 2286 2247 11
2335 2199 2427 2262 17,
2474 2199 2507 2248 2
2554 2196 2621 2250 de

1496 2264 1809 2319 rationibus
1844 2264 2172 2333 referendis,
2218 2279 2333 2320 non
2377 2270 2497 2320 erat
2531 2266 2620 2322 in-

1498 2336 1832 2393 commodum
1867 2342 1917 2392 te
1949 2337 2139 2392 nullas
2176 2336 2393 2403 referre.

1569 2407 1867 2476 Dioyenes,
1920 2408 2019 2462 der
2075 2406 2345 2478 Cyniker,
2401 2426 2441 2465 s.
2495 2427 2542 2463 z.
2593 2410 2620 2462 I

1498 2484 1594 2546 43,
1637 2483 1756 2534 104.

1570 2549 1961 2605 Caecilianum.
2066 2548 2339 2605 Caecilius
2401 2548 2620 2606 Statius

1495 2638 1612 2675 war
1667 2620 1760 2676 ein
1804 2619 2254 2690 Freigelassener
2307 2638 2406 2676 aus
2462 2622 2619 2676 Insu-

1496 2691 1684 2760 brien,
1721 2693 1860 2762 gest.
1893 2697 1994 2747 168
2022 2709 2073 2746 v.
2106 2691 2234 2749 chr.
2310 2691 2474 2747 Seine
2503 2693 2619 2748 Ko-

1496 2762 1720 2818 modien
1757 2779 1945 2818 waren
1980 2763 2466 2833 Nachahmungen
2517 2763 2618 2818 des

1495 2832 1816 2889 Menander.
1892 2833 2081 2889 Daher
2135 2834 2282 2888 auch
2336 2835 2460 2889 hier
2514 2834 2618 2890 das

1495 2904 1704 2975 griech.
1762 2905 2006 2974 pallium
2069 2923 2166 2959 zur
2225 2904 2620 2977 Bezeichnung

1499 2975 1597 3030 des
1634 2977 1857 3031 Armen.

1572 3045 1630 3101 G.
1688 3046 1993 3102 Fabricius
2046 3047 2325 3103 Luscinus
2377 3047 2618 3104 befreite

1498 3117 1583 3172 als
1619 3116 1836 3173 Konsul
1871 3122 1975 3173 282
2007 3119 2107 3173 das
2141 3135 2257 3175 von
2290 3118 2400 3173 den
2437 3118 2616 3174 Luca-

1496 3204 1634 3244 nem
1695 3189 1986 3260 belagerte
2052 3189 2264 3245 Thurii.
2357 3195 2464 3245 280
2527 3189 2615 3244 als

1498 3259 1808 3316 Gesandter
1869 3279 1938 3315 zu
1997 3260 2242 3329 Pyrrhus
2306 3259 2615 3330 geschickt,

1495 3331 1702 3387 bewies
1740 3348 1800 3386 er
1837 3331 1957 3386 sich
2001 3332 2147 3386 trotz
2194 3330 2378 3385 seiner
2414 3331 2618 3387 Armut

1497 3401 1935 3458 unbestechlich.
2011 3401 2134 3456 Val.
2174 3401 2248 3456 M.
2285 3401 2365 3456 IV
2403 3408 2462 3472 3,
2500 3408 2550 3457 6.

1569 3479 1654 3530 57.
1702 3472 1857 3528 Huic
1902 3473 2064 3527 alteri
2106 3473 2318 3543 yeneri,
2364 3472 2616 3528 niimlich

1491 3561 1593 3613 per
1628 3560 1775 3599 exem
1816 3545 1873 3599 la
1907 3545 2150 3599 docendi.

1566 3615 1707 3685 Καρ.
1786 3614 1846 3670 4.
1918 3615 2064 3671 illud
2100 3621 2487 3685 anapaestum,
2530 3616 2615 3686 je·

1494 3703 1593 3742 nes
1622 3633 1908 3741 Gedicht
1890 3704 1952 3741 ιιι
1977 3686 2317 3759 Ampasten.
2393 3687 2466 3742 ad
2493 3635 2613 3742 Ati.

1494 3756 1625 3812 XVI
1665 3764 1748 3824 11,
1785 3763 1818 3812 2
1857 3759 1975 3825 cui,
2012 3763 2076 3812 ut
2107 3759 2475 3828 Aristophani
2502 3759 2618 3813 Ar-

1496 3829 1725 3884 chilochi
1755 3830 1996 3896 iambus,
2033 3831 2113 3884 sic
2147 3831 2375 3899 epistola
2411 3831 2617 3899 lonqis·

1496 3901 1638 3955 sima
1673 3917 1914 3971 quaeque
1957 3901 2166 3969 optima
2208 3902 2441 3956 videtur.
2515 3900 2619 3956 Bei

1496 3971 1794 4042 Euripides
1839 3972 1960 4042 Iph.
1999 3971 2126 4026 Aul.
2178 3977 2243 4026 15
2294 3973 2422 4041 sagt
2467 3973 2622 4041 Aga.-

1496 4059 1759 4098 memnou
1797 4063 1866 4098 zu
1903 4042 2113 4098 seinem
2151 4041 2380 4098 Diener:

1924 4114 2063 4182 ζηλῶ
2103 4132 2183 4201 σε,
2220 4112 2408 4202 γέρον,

1534 4184 1674 4253 ζηλῶ
1713 4180 1769 4238 δ’
1810 4181 2069 4272 ἀνδρῶν,
2101 4179 2164 4247 ὃς
2200 4186 2513 4239 ακίνδυνον

1535 4258 1660 4343 βίον
1698 4251 1992 4345 ἐξεπέρασ’
2033 4251 2220 4325 ἀγνὼς
2255 4250 2487 4324 ἀκλεής

1529 4324 1663 4391 τοὺς
1699 4324 1756 4383 δ’
1799 4324 1861 4383 ἐν
1897 4334 2084 4398 τιμαῖς
2118 4318 2293 4395 ἧσσον
2332 4323 2572 4383 ἐπαινῶ.

2154 4422 2186 4469 3
