2902 4649
226 1510 330 1640 ἓξ.

226 2090 561 2149 107tuntur.

334 145 464 211 148

1108 145 1183 199 Μ.
1224 144 1471 200 TULLII
1508 141 1896 199 CICERONIS

222 320 540 394 105putare
595 329 727 373 esse
784 307 1143 373 universos?
1232 309 1338 371 Ille
1394 329 1539 371 vero
1596 317 1833 371 nostras
1888 309 2241 371 ambitiones
2294 308 2688 387 levitatesque

326 408 670 462 contemnet
723 400 1103 479 honoresque
1157 398 1363 479 populi
1420 402 1599 461 etiam
1653 399 1815 460 ultro
1877 398 2103 459 delatos
2158 395 2522 477 repudiabit:
2578 415 2691 457 nos

326 497 527 551 autem
571 508 677 550 eos
723 490 1026 550 nescimus
1072 497 1208 550 ante
1257 505 1436 568 quam
1482 490 1790 567 paenitere
1837 489 2034 567 coepit
2080 496 2484 548 contemnere.
2574 484 2685 546 Est

327 578 484 658 apud
540 577 908 640 Heraclitum
970 576 1285 658 physicum
1347 576 1422 638 de
1487 578 1759 656 principe
1821 574 2223 655 Ephesiorum
2287 573 2691 636 Hermodoro:

325 669 639 728 universos
685 670 768 728 ait
811 665 1108 746 Ephesios
1150 684 1284 728 esse
1341 673 1535 727 morte
1590 663 1955 745 multandos,
2014 663 2201 745 quod,
2256 681 2397 725 cum
2453 665 2688 725 civitate

328 755 696 836 expellerent
738 755 1206 836 Hermodorum,
1263 756 1349 816 ita
1410 754 1598 816 locuti
1661 756 1807 815 sint:
1873 748 2081 814 ‘Nemo
2147 752 2222 813 de
2287 751 2462 813 nobis
2529 770 2686 813 unus

328 843 604 925 excellat3
660 846 755 906 sin
811 846 946 924 quis
1002 846 1326 924 exstiterit,
1378 843 1495 904 alio
1548 846 1613 904 in
1666 842 1799 903 loco
1855 850 1916 903 et
1969 841 2126 922 apud
2181 841 2328 902 alios
2384 835 2504 902 sit?
2595 840 2689 901 An

327 932 443 994 hoc
488 951 610 993 non
670 936 755 994 ita
812 935 881 994 fit
942 935 1107 994 omni
1164 935 1228 994 in
1285 928 1553 1013 populo?
1642 931 1853 992 Nonne
1914 949 2150 996 omnem
2209 931 2691 1009 exsuperantiam

328 1023 571 1082 virtutis
617 1017 919 1083 oderunt?

1010 1017 1211 1093 Quid?
1256 1020 1547 1082 Aristides
1588 1053 1666 1064 —
1709 1019 1863 1081 malo
1910 1022 2068 1081 enim
2106 1018 2473 1079 Graecorum
2511 1036 2691 1098 quam

333 1117 539 1171 nostra
601 1111 876 1190 proferre
938 1142 1015 1153 -
1074 1127 1274 1170 nonne
1339 1107 1416 1170 ob
1481 1127 1612 1170 eam
1677 1126 1917 1169 causam
1980 1107 2264 1187 expulsus
2328 1115 2422 1168 est
2482 1108 2695 1187 patria,

337 1198 496 1277 quod
543 1207 783 1278 praeter
828 1198 1072 1259 modum
1116 1200 1316 1259 iustus
1353 1194 1556 1259 esset?

336 1288 443 1366 qui
487 1286 637 1348 nihil
682 1289 924 1348 omnino
971 1305 1106 1348 cum
1154 1286 1375 1366 populo
1422 1284 1808 1349 contrahunt!

1647 1197 1900 1269 Quantis
1934 1199 2120 1276 igitur
2154 1195 2444 1258 molestiis
2481 1202 2694 1257 vacant

1903 1285 2061 1357 Quid
2108 1294 2201 1347 est
2246 1287 2408 1346 enim
2453 1283 2692 1345 dulcius

332 1377 457 1436 otio
505 1372 810 1438 litterato?>
855 1377 931 1437 iis
977 1375 1110 1436 dico
1156 1375 1374 1436 litteris
1382 1423 1400 1457 ,
1448 1374 1667 1455 quibus
1711 1375 2063 1436 infinitatem
2110 1391 2316 1435 rerum
2361 1382 2542 1454 atque
2588 1391 2691 1434 na·

333 1471 506 1524 turae
552 1473 614 1525 et
658 1466 722 1525 in
767 1463 882 1524 hoc
928 1466 1060 1543 ipso
1106 1463 1329 1525 mundo
1367 1464 1624 1546 caelum,
1654 1470 1890 1545 ηυδε,
1933 1465 2120 1524 maria
2165 1465 2599 1541 cognoscimus,

336 1639 629 1720 linquitur
676 1640 834 1720 quod
874 1640 1382 1702 extimescendum
1430 1637 1551 1703 sit?

512 1551 866 1632 Contempto
912 1554 1097 1632 igitur
1150 1552 1407 1635 honore,
1462 1559 1803 1632 contempta
1857 1554 2036 1614 etiam
2089 1554 2342 1631 pecunia
2398 1551 2542 1631 quid
2596 1570 2692 1611 re·

1639 1640 1955 1723 Exsilium,
2001 1640 2207 1722 credo,
2254 1641 2413 1720 quod
2456 1642 2520 1702 in
2566 1658 2690 1700 ma—

334 1732 531 1791 xumis
594 1728 764 1790 malis
817 1730 1076 1791 ducitur.
1167 1729 1234 1790 Id
1295 1732 1346 1791 si
1404 1737 1654 1810 propter
1712 1729 1962 1790 alienam
2023 1737 2084 1790 et
2143 1730 2427 1790 offensam
2485 1729 2694 1809 populi

335 1818 700 1879 voluntatem
748 1817 968 1879 malum
1024 1826 1141 1899 est,
1198 1836 1377 1897 quam
1432 1821 1513 1879 sit
1566 1837 1635 1880 ea
1691 1817 2124 1880 contemnenda
2179 1819 2456 1899 sapienti,
2508 1817 2691 1897 paulo

334 1914 473 1967 ante
521 1905 746 1967 dictum
794 1915 902 1967 est.
996 1905 1102 1967 Sin
1149 1906 1358 1968 abesse
1411 1909 1605 1987 patria
1659 1909 1946 1968 miserum
2001 1915 2120 1988 est,
2174 1907 2384 1987 plenae
2436 1908 2689 1967 misero-

335 2012 471 2056 rum
517 1996 857 2074 provinciae
906 2003 1072 2075 sunt,
1117 2012 1191 2056 ex
1240 1994 1460 2075 quibus
1496 1995 1814 2057 admodum
1860 1997 2034 2077 pauci
2079 1998 2141 2056 in
2186 1997 2440 2075 patriam
2484 2013 2689 2055 rever-

324 2396 532 2464 mides‚
570 2396 655 2451 als
691 2395 875 2452 dieser
910 2395 1032 2452 sich
1067 2395 1342 2463 ffirchtet,
1387 2396 1450 2450 in

325 2466 423 2522 der
449 2466 1049 2538 Volksversammlung
1076 2467 1447 2523 aufzutreten.

400 2543 520 2593 105.
560 2537 883 2594 Heraclitus
910 2555 1010 2593 aus
1039 2538 1313 2607 Ephesus,
1351 2537 1450 2593 der

324 2625 439 2666 von
467 2609 742 2679 Spateren
768 2608 879 2665 den
905 2607 1214 2664 Beinamen
1252 2604 1283 2664 ὁ
1324 2626 1449 2664 σκο-

324 2677 512 2743 τεινάς
549 2679 780 2747 erhielt‚
817 2679 969 2735 lebte
1006 2697 1102 2734 um
1121 2686 1227 2735 500
1245 2698 1297 2736 v.
1320 2680 1447 2735 Chr.

326 2749 461 2806 Sein
507 2750 569 2805 in
620 2750 900 2806 ionischer
944 2749 1121 2806 Prosa
1164 2750 1448 2832 gesehrie-

323 2821 495 2877 henes
532 2821 709 2876 Werk
743 2821 933 2876 ffihrte
969 2821 1079 2877 den
1115 2821 1267 2877 T1te1
1316 2822 1449 2890 περὶ

325 2889 568 2961 φύσεως.
641 2891 719 2947 Er
770 2893 1007 2962 gehorte
1078 2893 1285 2948 ebenso
1341 2893 1450 2948 wie

325 2963 448 3018 sein
491 2963 711 3018 Freund
757 2963 1135 3018 Hermodorus
1194 2981 1290 3018 zur
1340 2963 1450 3019 ari-

324 3033 735 3089 stokratischen
795 3032 988 3089 Partei
1060 3034 1177 3088 und
1250 3034 1448 3104 genoss

325 3103 562 3159 deshalb
590 3105 718 3159 sehr
737 3104 923 3174 wenig
950 3103 1041 3158 die
1062 3103 1241 3159 Gunst
1268 3104 1450 3160 seiner

323 3175 664 3245 Mitbiirger‚
716 3176 790 3230 da
832 3174 893 3229 in
929 3174 1183 3243 Ephesus
1230 3176 1448 3232 damals

323 3246 417 3302 die
472 3246 1037 3301 unumschriinkteste
1084 3246 1447 3302 Demokratie

323 3316 631 3372 herrsehte.
704 3317 1085 3372 Hermodorus
1137 3317 1243 3372 soll
1298 3318 1448 3372 nach

325 3388 509 3443 seiner
564 3387 946 3471 Verbsnnung
1016 3388 1164 3470 nach
1243 3387 1448 3470 italien

323 3474 798 3585 §timens
831 3458 1449 3600 sternendas}

324 3601 474 3656 set-ze
511 3601 854 3656 unterstiitzt
888 3600 1091 3656 haben.

396 3671 570 3727 Nemo
605 3672 672 3726 de
705 3673 892 3727 nobis:
939 3671 1102 3743 Diog.
1142 3672 1328 3727 Laerta.
1367 3672 1447 3727 IX

323 3748 356 3798 2
388 3737 607 3813 Ἡμέων
644 3742 841 3812 μηδεὶς
878 3737 1136 3812 ὀνηιστὸς
1187 3741 1353 3812 ἔστω,
1395 3741 1453 3799 εἰ

324 3812 389 3869 δέ
427 3834 510 3877 τις
547 3814 825 3883 τοιοῦτος,
879 3810 1018 3884 ἄλλῃ
1062 3833 1123 3868 τε
1170 3812 1269 3868 καὶ
1316 3809 1442 3884 μετ’

321 3880 520 3940 ἄλλων.

391 3958 538 4011 malo
592 3956 736 4010 enim
792 3955 1127 4010 Graecorum
1178 3957 1283 4009 cet.
1370 3955 1443 4010 So

322 4026 470 4082 &fter
520 4025 613 4081 bei
649 4025 993 4095 Beispielen‚
1047 4025 1261 4081 welche
1311 4025 1443 4081 dem

320 4097 640 4152 rbmischen
668 4095 858 4150 Stante
887 4095 1048 4151 nicht
1074 4113 1203 4150 zum
1220 4096 1441 4153 Ruhme

320 4168 625 4238 gereichen
659 4167 906 4223 wiirden.
978 4166 1049 4223 de
1086 4166 1178 4223 off.
1208 4167 1264 4221 II
1291 4172 1343 4235 8,
1372 4173 1440 4224 26

321 4239 582 4293 Externa
619 4238 877 4292 libentius
917 4238 982 4293 in
1024 4238 1130 4294 tali
1174 4255 1234 4295 re
1277 4255 1441 4309 quam

321 4310 614 4366 domestica
647 4309 933 4363 recordor.-

647 2079 744 2145 ‘At
789 2082 1119 2145 multantur
1164 2083 1336 2144 bonis
1382 2079 1661 2146 exsules?
1745 2083 1902 2155 Quid
1949 2080 2121 2145 tum?
2164 2101 2454 2164 parumne
2500 2082 2690 2144 multa

332 2170 407 2232 de
453 2170 758 2232 toleranda
816 2182 1167 2252 paupertate
1225 2169 1554 2235 dicuntur?

1642 2172 1765 2234 lam
1820 2190 1960 2233 vero
2017 2172 2314 2252 exsilium,
2371 2175 2424 2232 si
2476 2189 2687 2232 rerum

1628 2397 1774 2465 quod
1804 2402 2029 2465 praeter
2063 2398 2284 2452 modum
2317 2398 2500 2452 iustus
2535 2403 2686 2452 esset.

1561 2467 1920 2536 Wenigstens
1985 2469 2136 2522 nach
2197 2467 2297 2522 der
2358 2467 2688 2524 bekannt-‚en

1559 2538 1853 2594 Anekdote
1878 2536 2061 2607 (Corn.
2081 2538 2251 2593 Arist.
2275 2545 2323 2607 1,
2343 2537 2492 2594 Plut.
2511 2537 2687 2594 Arist.

1562 2613 1615 2677 7)
1644 2625 1762 2663 war
1797 2608 1916 2663 dies
1960 2609 2061 2662 der
2097 2609 2289 2666 Grund
2326 2609 2508 2664 seiner
2545 2609 2688 2665 Ver-

1558 2678 1850 2748 hamuuig,
1878 2679 1940 2734 in
1965 2679 2384 2748 Wirklichkeit‚
2411 2680 2541 2736 weil
2569 2697 2686 2735 von

1559 2749 1670 2805 den
1721 2750 1925 2805 beiden
1980 2748 2404 2806 Parteifiihrern
2457 2751 2686 2805 Themi-

1558 2820 1777 2946 stoulges
1797 2821 1911 2876 und
1938 2821 2216 2877 Aristides
2242 2823 2397 2877 einer
2423 2821 2682 2878 weichen

1558 2910 1617 2946 m
1701 2894 1776 2948 te.

1628 2963 1774 3017 nihil
1802 2993 1869 3003 —
1898 2964 2263 3030 contrahunt,
2301 2963 2423 3018 hier
2457 2963 2519 3018 in
2546 2964 2689 3018 wei-

1556 3036 1734 3089 terem
1764 3032 1931 3089 Sinne
1971 3034 2182 3089 ‘nichts
2209 3034 2318 3088 mit
2345 3035 2476 3089 dem
2494 3033 2685 3090 Volke

1557 3122 1628 3159 zu
1673 3106 1817 3159 thun
1870 3104 2101 3174 haben’,
2156 3105 2278 3161 also
2331 3105 2686 3161 namentlieh

1556 3175 1678 3230 sich
1739 3174 1900 3233 nicht
1962 3193 2059 3230 um
2124 3177 2276 3233 seine
2333 3175 2515 3231 Gunst
2579 3176 2682 3232 be-

1552 3246 1795 3302 werhen.

1625 3315 1769 3387 Καρ.
1808 3316 1907 3373 37.
1985 3324 2103 3372 106.
2156 3319 2548 3374 contemnenda
2597 3334 2693 3375 ea-

1550 3388 1756 3456 pie-nti,
1774 3397 1778 3401 “
1788 3389 1978 3456 paulo,
2054 3388 2118 3443 In
2165 3389 2275 3444 den
2310 3388 2476 3445 Hdss.
2525 3391 2694 3445 steht

1555 3458 1656 3513 das
1736 3459 1980 3515 sinnlose
2062 3461 2452 3515 contemnmda
2533 3461 2693 3517 sicut

1555 3530 1754 3598 apollo.
1828 3530 1967 3585 Was
2006 3529 2119 3587 Cic.
2157 3530 2523 3614 geschrieben
2559 3532 2688 3602 hat,

1554 3599 1686 3655 Μή
1736 3601 1858 3656 sich
1901 3600 2066 3656 nicht
2107 3605 2215 3658 nnt
2258 3600 2695 3658 Bestimmtheit

1557 3687 1756 3741 sagen,
1804 3672 1949 3727 doch
1986 3672 2132 3727 muss
2173 3674 2319 3728 sicut
2353 3689 2454 3728 aus
2491 3673 2690 3729 einem

1556 3743 1859 3798 ithnlichen
1893 3744 2091 3800 Worte
2128 3743 2235 3800 wie
2270 3746 2515 3812 sapienti
2548 3761 2688 3799 ver-

1555 3814 1768 3869 dorben
1803 3814 1941 3872 sein.

1625 3901 1693 3940 ex
1727 3886 1955 3954 qwibns,
2001 3885 2252 3940 namlich
2290 3901 2403 3940 von
2439 3884 2549 3939 den
2589 3891 2689 3940 16-

1555 3953 1806 4010 misehen
1840 3957 2119 4026 Biirgern,
2154 3956 2385 4012 ‘welche
2419 3959 2688 4012 nument-

1551 4024 1668 4080 liuh
1712 4045 1808 4081 um
1845 4026 2279 4097 Geldgeschfifte
2323 4045 2391 4081 zu
2434 4027 2692 4085 machon

1552 4096 1672 4151 sich
1708 4097 1769 4150 in
1804 4097 1913 4152 den
1948 4098 2258 4153 Provinzen
2294 4095 2631 4155 aufhielten.

1625 4172 1745 4223 107.
1786 4169 1935 4239 Quid
1979 4174 2122 4236 tum,
2172 4170 2310 4225 ‘was
2353 4169 2503 4239 folgt
2546 4169 2689 4226 dar-

1551 4239 1696 4307 aus',
1733 4257 1775 4293 s.
1813 4259 1859 4294 z.
1897 4239 1950 4293 ΙΙ
1988 4245 2081 4309 11,
2120 4247 2206 4296 26.

1546 4340 1551 4345 -
1621 4327 1803 4365 rerum
1865 4316 2154 4379 naturam,
2219 4311 2310 4366 die
2364 4309 2689 4367 Wirklich-
2808 4280 2860 4618 Ι
