2902 4649
583 160 1185 220 TUSCULANARUM
1219 162 1825 220 DISPUTATIONUM
1861 165 1903 220 I.
1943 171 2171 224 54-57.
2467 167 2552 233 35

212 336 370 391 esset
415 332 479 390 in
529 348 597 390 eo
644 332 760 391 nisi
810 330 898 413 id,
955 339 1022 393 ut
1075 350 1185 411 per
1234 349 1370 393 eum
1427 334 1789 413 viveremus,
1845 340 1964 394 tam
2019 340 2232 395 natura
2286 342 2559 414 putarem

210 419 459 480 hominis
487 421 666 481 vitam
704 422 1029 481 sustentari
1066 439 1242 500 quam
1281 422 1444 500 vitis,
1484 439 1661 500 quam
1701 421 1960 504 arboris3
1998 421 2143 482 haec
2183 424 2342 487 ellim
2382 426 2558 485 etiam

210 507 456 569 dicimus
501 510 716 570 vivere.
807 509 989 588 Item,
1034 511 1086 570 si
1132 509 1278 570 nihil
1318 508 1570 571 haberet
1607 513 1839 571 animus
1875 511 2134 573 hominis
2181 513 2298 572 nisi
2342 521 2411 573 ut
2456 512 2554 578 ad-

211 605 441 678 peteret
477 607 579 659 aut
613 598 873 680 fugeret,
909 597 971 658 id
1009 616 1248 678 quoque
1286 607 1448 660 esset
1484 601 1540 659 ei
1577 617 1892 661 commune
1921 619 2058 662 cum
2087 600 2312 662 bestiis.
2360 600 2558 663 Habet
2575 613 2643 666 67

206 689 460 767 primum
506 690 852 749 memoriam
897 695 959 749 et
1009 706 1139 748 eam
1184 688 1477 749 infinitam
1524 706 1729 749 rerum
1773 688 2320 771 innumerabilium,
2368 709 2547 771 quam

208 775 440 855 quidem
480 776 644 837 Plato
682 776 1156 838 recordationem
1195 795 1327 838 esse
1366 776 1486 838 volt
1522 779 1674 838 vitae
1714 780 2060 858 superioris,
2142 778 2292 839 Nam
2336 782 2399 840 in
2445 779 2546 840 illo

205 863 381 945 libro,
445 867 549 944 qui
600 865 951 928 inscribitur
1003 865 1249 947 Menon,
1306 868 1623 945 pusionem
1681 867 1976 947 quendam
2034 867 2311 928 Socrates
2365 870 2547 929 inter·

207 962 371 1034 rogat
414 954 702 1033 quaedam
739 958 1099 1035 geometrica
1144 955 1218 1016 de
1266 956 1635 1017 dimensione
1685 956 1972 1036 quadrati.
2065 956 2152 1017 Ad
2201 974 2269 1016 ea
2317 959 2402 1018 sic
2448 956 2546 1018 ille

206 1043 549 1124 respondet,
602 1052 670 1105 ut
724 1063 904 1124 puer,
961 1052 1020 1104 et
1076 1053 1273 1106 tamen
1319 1047 1402 1105 ita
1447 1044 1651 1105 faciles
1697 1047 2194 1124 interrogationes
2252 1055 2419 1126 sunt,
2478 1053 2547 1107 ut

207 1133 488 1211 gradatim
526 1133 896 1212 respondens
934 1132 1141 1195 eodem
1179 1136 1513 1214 perveniat,
1561 1152 1680 1213 quo
1728 1136 1782 1195 si
1824 1136 2184 1214 geometrica
2223 1134 2544 1196 didicisset.

206 1220 294 1281 Ex
329 1240 445 1300 quo
483 1222 640 1282 effici
677 1222 798 1283 volt
835 1221 1112 1305 Socrates
1152 1230 1219 1283 ut
1253 1223 1488 1284 discere
1535 1222 1684 1284 nihil
1730 1223 1886 1284 aliud
1936 1227 2014 1285 sit
2059 1226 2175 1285 nisi
2222 1223 2544 1285 recordari.
2635 1276 2650 1285 ..

208 1309 393 1381 Quem
437 1309 634 1372 locum
672 1310 860 1372 multo
899 1314 1073 1373 etiam
1112 1313 1449 1373 accuratius
1486 1311 1742 1391 explicat
1785 1315 1848 1373 in
1896 1331 1967 1373 eo
2016 1329 2320 1394 sermone,
2368 1331 2547 1392 quem

204 1397 407 1461 habuit
452 1418 523 1460 eo
569 1401 700 1479 ipso
748 1401 868 1481 die,
921 1419 1040 1480 quo
1089 1402 1344 1462 excessit
1389 1419 1422 1461 e
1471 1402 1614 1483 vita3
1661 1400 1839 1463 docet
1882 1404 2043 1463 enim
2089 1404 2386 1483 quemviS,
2443 1404 2547 1482 qni

205 1489 467 1549 omnium
503 1507 710 1549 rerum
747 1489 914 1551 rudis
951 1507 1083 1551 esse
1122 1489 1419 1571 videatur,
1462 1489 1614 1551 bene
1652 1492 2045 1570 interroganti
2081 1490 2542 1570 respondentem

206 1576 502 1638 declarare
551 1597 614 1638 se
662 1596 783 1638 non
829 1586 957 1639 tum
1003 1578 1102 1639 1113
1149 1578 1409 1658 discere,
1459 1578 1565 1639 sed
1611 1579 2050 1640 reminiscendo
2096 1597 2548 1660 recognoscere,

201 1684 312 1726 nec
358 1685 498 1727 vero
545 1667 677 1728 fieri
723 1666 842 1728 ullo
890 1667 1064 1728 modo
1120 1685 1296 1747 posse
1343 1675 1411 1728 ut
1457 1685 1490 1727 a
1536 1670 1742 1747 pueris
1796 1676 1886 1729 tot
1939 1686 2148 1729 rerum
2196 1675 2373 1748 atque
2419 1676 2547 1729 tan-

202 1764 394 1817 tarum
429 1757 639 1817 insitas
677 1763 739 1817 et
776 1759 945 1835 quasi
983 1758 1359 1836 consignatas
1395 1758 1461 1817 in
1497 1758 1708 1818 animis
1745 1759 2048 1838 notioneS,
2096 1775 2243 1836 quas
2282 1752 2549 1830 ἑννοίας

197 1998 291 2054 die
317 1993 460 2068 ὁρμή
488 1998 604 2054 und
639 1993 872 2069 ἀφορμή
902 2000 1175 2069 (appetere
1200 1999 1316 2053 und
1423 2014 1572 2066 mus,
1609 1999 1958 2068 arboremque
1992 2003 2044 2053 et
2077 1999 2346 2054 novellam
2381 2002 2433 2052 et
2465 2014 2554 2053 ve-

196 2071 432 2140 fwyere),
460 2070 576 2124 und
604 2070 995 2139 Memnonen,
1025 2070 1206 2126 denen
1224 2070 1318 2126 die
1423 2071 1626 2137 tudam,
1662 2076 1712 2124 et
1731 2072 1926 2140 ‘viyere
1961 2075 2013 2124 et
2044 2085 2325 2125 senescere.

194 2136 352 2212 ψυχὴ
406 2137 602 2212 loycam}
700 2141 712 2154 ‘
788 2160 828 2197 n
879 2140 970 2196 ist.
1045 2142 1157 2197 Der
1213 2141 1318 2197 Ge·
1499 2147 1584 2197 57.
1636 2140 1822 2196 Habet
1876 2142 2153 2211 primum.-
2225 2140 2369 2195 Dem
2432 2141 2553 2195 ent-

196 2212 382 2268 danke
406 2212 484 2267 ist
509 2213 659 2269 also:
772 2229 880 2268 333
908 2213 1008 2268 der
1034 2212 1194 2268 Geist
1219 2213 1317 2268 des
1425 2213 1643 2283 spi-ioht
1660 2218 1749 2281 25,
1770 2218 1837 2267 61
1862 2210 2051 2284 Quid?
2068 2212 2173 2268 illa
2189 2213 2288 2266 vis.
2329 2210 2381 2266 S.
2400 2230 2447 2267 z.
2466 2217 2551 2282 13,

195 2282 498 2340 Menschen
549 2302 657 2340 nur
704 2284 763 2340 in
809 2285 937 2341 dem
982 2284 1319 2355 vegetabili-
1427 2289 1514 2341 30.
1588 2282 1701 2341 Cic.
1738 2282 2158 2340 unterscheidet
2206 2282 2368 2339 nicht
2423 2282 2552 2339 zwi-

195 2356 368 2411 schen
401 2356 592 2412 Leben
629 2356 728 2412 der
762 2357 982 2412 Pilanze
1019 2356 1155 2412 oder
1190 2356 1320 2412 dem
1428 2357 1601 2412 seben
1619 2355 1749 2412 dem
1767 2354 2109 2412 Gedachtnis
2132 2356 2408 2421 memoria,
2436 2355 2553 2410 und

193 2426 601 2484 animalischen
651 2428 749 2484 des
794 2427 986 2483 'Pieres
1030 2427 1317 2497 3331311113,
1426 2428 1526 2483 der
1582 2426 1985 2483 Platonischen
2046 2421 2388 2497 ἀνάμνησις,
2455 2427 2554 2480 der

194 2515 259 2554 33
284 2500 479 2554 wfirde
511 2516 573 2553 er
597 2499 965 2571 verganglich
1000 2500 1145 2568 sein,
1184 2500 1318 2554 aber
1425 2498 1929 2574 Riiokerinnerung
1964 2498 2064 2553 des
2091 2496 2311 2553 Geistes
2349 2514 2423 2552 311
2460 2496 2551 2552 die

193 2587 257 2625 er
277 2570 384 2625 hat
401 2569 758 2639 Gedttchtniz,
775 2570 1094 2626 Denkkraflz
1113 2589 1166 2626 3.
1188 2588 1230 2626 3.
1247 2588 1315 2626 w.
1424 2570 1623 2639 Ideen,
1674 2569 1890 2626 welche
1938 2586 2000 2625 er
2034 2586 2138 2625 vor
2173 2569 2383 2624 3313313
2419 2566 2551 2622 Ε13-

195 2672 263 2681 —-
304 2640 418 2699 Cic.
475 2641 666 2698 wollte
721 2641 1015 2698 schreiben
1070 2643 1319 2697 animum
1423 2643 1608 2697 treton
1643 2640 1702 2695 in
1741 2640 1849 2696 den
1884 2640 2303 2696 menschlichen
2333 2639 2552 2709 Korper

191 2743 259 2753 —
296 2719 414 2768 tam
440 2719 699 2783 putarem
732 2715 969 2769 hominis
1003 2715 1175 2768 vitam
1199 2728 1317 2768 sus·
1423 2713 1698 2783 geschant
1729 2713 1847 2768 hat..

190 2789 435 2853 tentare,
483 2802 650 2856 quam
711 2787 841 2841 vitis
892 2787 1064 2842 vitam
1107 2789 1319 2840 natura
1497 2780 1710 2839 Μένων
1754 2801 1808 2854 p.
1847 2788 1915 2838 82
1927 2799 1973 2838 c.
2049 2781 2177 2854 Vgl.
2235 2781 2437 2839 Phadr.
2494 2799 2550 2852 p.

188 2862 489 2924 sustentat,
528 2857 644 2913 ‘ich
670 2857 860 2912 wfirde
887 2857 1161 2927 glauben,
1193 2854 1320 2911 dass
1426 2860 1531 2910 249
1544 2872 1588 2911 c.
1666 2854 1780 2912 Cic.
1818 2855 1890 2910 de
1927 2871 2041 2909 333.
2081 2859 2177 2922 21,
2215 2859 2300 2909 78.
2482 2923 2496 2937 .

189 2927 283 2984 die
314 2927 477 2984 83313
504 2946 611 2983 nur
640 2945 700 2984 33
729 2928 864 2984 weit.
889 2933 1024 2996 (tam
1043 2958 1111 2969 --
1131 2929 1317 2997 quam)
1495 2932 1560 2981 ut
1588 2943 1758 2996 puer,
1803 2931 1855 2981 et
1896 2931 2080 2982 tamen
2122 2926 2208 2980 ita
2253 2926 2360 2980 cet.
2434 2924 2550 2979 Cic.

191 3000 294 3055 (133
350 2998 546 3054 Leben
599 2999 698 3054 des
751 2999 1058 3055 Menschen
1116 2998 1317 3068 erhmt,
1424 2998 1618 3054 wollte
1647 2996 1944 3054 schreiben
1966 3002 2032 3052 ut
2057 3012 2232 3067 puer,
2268 3002 2319 3050 et
2353 3001 2552 3063 tamen,

190 3071 274 3127 313
313 3071 408 3126 die
434 3070 809 3126 Lebenskraft
834 3066 1029 3140 (φύσις
1084 3070 1189 3127 (133
1216 3069 1318 3126 Le-
1424 3070 1619 3138 faciles
1644 3071 1790 3125 enim
1814 3069 2271 3138 interroqationes
2301 3072 2453 3134 swnt,
2481 3096 2550 3107 —

188 3142 302 3197 ben
359 3143 459 3199 der
512 3142 776 3198 Pflanze?
852 3141 942 3197 Da.
1001 3143 1022 3196 i
1063 3161 1120 3197 m
1182 3142 1320 3197 aber
1426 3143 1605 3197 eodem
1649 3141 1929 3211 pervenit,
1990 3140 2126 3194 aber
2189 3138 2281 3194 die
2344 3138 2553 3193 331333-

187 3212 344 3269 beim
384 3213 687 3268 Schreiben
733 3212 920 3269 einfiel
933 3256 948 3282 ‚
994 3213 1118 3268 dass
1168 3213 1318 3267 dann
1427 3212 1714 3268 3331111333
1759 3211 2117 3280 Bemerkung
2157 3215 2387 3279 propter
2435 3210 2546 3276 fac.

189 3285 293 3340 der
360 3286 582 3341 animus
645 3285 742 3340 der
803 3285 1107 3339 Menschen
1171 3285 1315 3339 33311
1422 3286 1525 3341 int.
1583 3284 1685 3340 hat
1745 3299 1806 3338 31·
1868 3301 1994 3338 zum
2045 3282 2387 3351 Hauptsatze
2496 3296 2551 3334 e-

187 3354 381 3412 nichts
433 3357 518 3411 313
569 3351 740 3425 φύσις
789 3354 896 3426 331,
952 3373 1015 3410 zo
1111 3372 1172 3410 er
1225 3354 1316 3410 die
1423 3355 1645 3424 1333111,
1689 3354 1804 3409 und
1851 3352 2268 3423 infolgedessen
2319 3351 2397 3406 ist
2489 3366 2550 3433 31·

186 3426 607 3483 Konstruktion
653 3425 715 3480 in
764 3426 947 3483 dieser
1057 3426 1171 3482 eise
1226 3444 1317 3481 zu·
1426 3424 1739 3497 Gegensatz
1764 3424 2087 3495 unlogisch,
2115 3422 2263 3477 denn
2288 3420 2547 3505 nach-01-

189 3513 473 3565 33311333,
530 3498 943 3569 infolgedessen
997 3499 1149 3554 steht
1197 3499 1319 3553 ani·
1426 3513 1584 3554 ceros
1618 3497 1853 3552 Worten
1897 3496 1975 3549 131.
2017 3495 2117 3549 der
2154 3493 2351 3549 Knabe
2391 3493 2553 3548 mcht

185 3585 342 3623 mum
377 3569 563 3625 ausser
589 3569 689 3624 der
715 3569 1136 3625 Konstrnktion.
1188 3568 1318 3639 Vgl.
1425 3568 1639 3639 infolge
1699 3568 1799 3623 der
1842 3566 2368 3635 Riickerinnerung‚
2425 3580 2548 3619 son-

187 3646 291 3708 28,
327 3647 398 3696 70
442 3643 522 3697 sic
568 3646 790 3697 mentem
834 3642 1070 3696 hominis
1107 3671 1174 3681 —
1211 3642 1322 3695 vim
1429 3639 1567 3694 dern
1620 3638 1836 3710 infolge
1884 3638 1983 3694 der
2016 3635 2396 3707 Leichtigkeit
2450 3635 2549 3689 der

187 3712 446 3769 divinam
508 3714 703 3768 mentis
765 3713 1096 3783 adanoscito.
1171 3711 1322 3765 Aber
1427 3712 1648 3781 Fragen
1687 3710 1966 3765 imstande
2003 3708 2290 3764 dieselben
2339 3724 2408 3761 zu
2453 3705 2550 3760 be·

187 3784 344 3839 auch
399 3784 499 3839 der
543 3783 808 3840 Godanke
863 3782 940 3854 131.
992 3782 1170 3838 durch
1228 3783 1320 3837 die
1426 3783 1756 3838 antworten.

189 3853 611 3925 Vel-mischung
659 3854 858 3910 zweier
904 3855 1153 3910 Beweise
1204 3852 1322 3908 und
1499 3855 1701 3908 loewm:
1775 3851 2040 3922 ‘Thema,
2096 3848 2408 3907 Gedanke'.
2480 3847 2551 3902 de

191 3924 297 3978 das
317 3925 723 3981 Hereinziehen
740 3925 842 3981 der
860 3924 1142 3981 stoischen
1157 3925 1321 3980 83133
1428 3925 1541 3980 div.
1579 3923 1650 4008 Π.
1666 3929 1721 3994 1,
1752 3930 1785 3978 2
1818 3928 2192 3994 perpwryatus
2222 3925 2300 3977 est
2323 3922 2376 3975 is
2403 3921 2553 3974 loeus

190 3996 404 4051 nnklar
436 3997 753 4068 geworden.
1427 4014 1466 4051 a
1517 3996 1677 4051 ‘nobes
1728 3998 1968 4067 quinque
2021 3995 2194 4050 libris.
2267 3993 2339 4046 de
2384 3990 2475 4048 off.
2525 3992 2553 4046 1

266 4068 429 4135 haec,
463 4067 554 4124 die
587 4068 769 4139 Dinge
804 4069 883 4123 im
928 4067 1321 4138 311331331333,
1431 4073 1526 4135 19,
1563 4072 1633 4123 65
1669 4069 1767 4137 qm·
1813 4069 1963 4123 locus
2007 4072 2084 4121 est
2118 4080 2250 4121 sane
2286 4063 2555 4119 lubricus.

191 4153 308 4193 von
350 4139 528 4195 denen
562 4140 696 4194 vitis
729 4139 846 4194 und
881 4140 1047 4195 arbor
1083 4140 1168 4194 313
1196 4137 1320 4193 Β31-
1500 4141 1565 4193 im
1599 4155 1659 4193 eo
1694 4154 1933 4195 sermone
1966 4136 2160 4192 Phado
2195 4153 2253 4206 p.
2296 4140 2359 4190 72
2376 4150 2425 4189 e.

194 4208 380 4277 spiele
407 4210 711 4282 angefflhrt
735 4210 878 4266 sind.
940 4209 1069 4280 Vgl.
1094 4209 1176 4262 111
1195 4215 1248 4278 4,
1271 4215 1319 4264 7.
1502 4204 1753 4277 ἐννοίας,
1782 4209 1990 4265 wieder
2008 4207 2101 4266 ein
2120 4205 2391 4263 stoischer
2410 4203 2550 4258 Ans-

194 4277 314 4334 Far
367 4281 456 4338 die
511 4281 692 4338 833113
747 4281 817 4337 de
871 4282 963 4338 fin.
1020 4280 1071 4335 V
1120 4286 1214 4350 14,
1251 4286 1321 4336 39
1428 4280 1621 4336 druck.
1683 4280 1846 4335 Plato
1874 4280 2082 4344 lehi-te,
2113 4277 2236 4333 dass
2265 4276 2364 4332 der
2392 4272 2552 4329 Geist

196 4349 406 4421 Itaque
442 4360 491 4410 et
525 4356 703 4409 vivere
728 4354 887 4408 vitem
923 4359 973 4409 et
1007 4353 1148 4407 mori
1183 4352 1323 4406 dici-
1430 4352 1550 4406 sich
1585 4351 1665 4405 im
1701 4351 1890 4406 Leben
1926 4349 2026 4405 der
2061 4349 2252 4404 1131131·
2278 4346 2548 4417 33331133-

1931 4473 1940 4480 .
2057 4437 2131 4493 3*
