2902 4649
287 163 374 226 22
1068 167 1145 224 Μ.
1185 165 1432 221 TULLII
1474 164 1859 222 CICERONIS

285 330 584 410 publicam
630 350 753 393 non
800 331 1004 396 seret?

1095 334 1253 407 Quid
1296 336 1636 414 procreatio
1694 332 2050 417 liberorum,
2108 336 2250 416 quid
2305 340 2657 418 propagatio

289 422 566 502 nominis,
615 421 757 502 quid
804 421 1213 503 adoptationes
1260 423 1545 505 filiorum,
1594 422 1739 503 quid
1784 429 2283 486 testamentorum
2329 426 2658 510 diligentia,

289 507 433 587 quid
495 511 625 589 ipsa
689 511 1146 591 sepulchrorum
1210 521 1623 592 monumenta,
1705 511 1892 591 elogia
1958 515 2293 593 significant
2363 518 2481 577 nisi
2545 537 2657 580 nos

197 606 266 657 32
287 597 490 659 futura
543 601 722 661 etiam
779 599 1086 681 cogitare?
1178 598 1378 673 Quid?
1432 601 1579 663 illud
1636 619 1779 663 num
1835 600 2098 683 dubitaS,
2156 605 2302 682 quin
2349 607 2657 685 specimen

288 695 535 748 naturae
593 691 724 769 capi
780 690 990 752 deceat
1042 710 1118 753 ex
1175 693 1395 771 optima
1451 708 1685 770 quaque
1742 687 2000 752 natura?
2091 690 2257 762 Quae
2303 702 2396 755 est
2441 695 2657 757 melior

286 777 471 855 igitur
524 779 588 838 in
644 777 955 841 hominum
1009 799 1231 860 genere
1286 789 1501 841 natura
1555 798 1734 859 quam
1792 797 2031 860 eorum,
2088 784 2192 859 qui
2249 801 2314 843 se
2361 792 2534 845 natos
2581 785 2656 847 ad

286 864 558 927 homines
616 868 934 951 iuvandoS,
994 870 1302 949 tutandos,
1364 868 1805 929 conservandos
1850 867 2264 932 arbitrantur?
2359 871 2522 934 Abiit
2582 874 2656 935 ad

288 953 431 1015 deos
476 953 794 1019 Hercules.
852 976 1177 1037 numquam
1232 958 1479 1039 abisset,
1534 960 1677 1039 nisi,
1737 975 1875 1018 cum
1926 959 2089 1019 inter
2144 959 2418 1022 homines
2477 972 2658 1045 esset,

186 1039 271 1105 15
292 1061 424 1104 eam
479 1043 595 1105 sibi
651 1048 802 1108 viam
860 1049 1232 1109 muninsset.
1320 1045 1536 1108 Vetera
1590 1048 1709 1107 iam
1764 1049 1879 1109 ista
1934 1055 1993 1108 et
2050 1047 2339 1127 religione
2388 1055 2658 1114 omnium

294 1142 666 1196 consecrata.
727 1136 871 1215 quid
934 1139 996 1197 in
1059 1136 1170 1197 hac
1228 1155 1295 1197 re
1355 1135 1595 1216 publica
1654 1144 1745 1198 tot
1803 1143 2117 1216 tantosque
2173 1139 2333 1199 viros
2387 1139 2463 1200 ob
2525 1161 2656 1203 rem

292 1221 590 1301 publicam
628 1225 978 1286 interfectos
1017 1228 1309 1305 cogitasse
1348 1221 1753 1286 arbitramur?
1793 1223 2060 1285 isdemne
2093 1233 2160 1286 ut
2185 1225 2405 1289 finibus
2432 1248 2656 1293 nomen

295 1329 469 1372 suum
519 1311 736 1391 quibus
783 1316 901 1375 vita
956 1311 1424 1377 terminaretur?
1514 1313 1702 1374 Nemo
1758 1331 2042 1392 umquam
2097 1315 2226 1375 sine
2282 1335 2493 1397 magna
2547 1339 2655 1401 spe

202 1413 271 1462 33
294 1400 733 1464 inmortalitatis
779 1421 844 1464 se
890 1422 1002 1484 pro
1048 1406 1239 1483 patria
1285 1404 1532 1465 offerret
1576 1402 1649 1463 ad
1696 1411 1967 1464 mortem.
2034 1400 2235 1465 Licuit
2280 1423 2413 1466 esse
2461 1411 2655 1470 otioso

291 1487 706 1574 Themistocli,

769 1491 941 1554 licuit
992 1492 1464 1575 Epaminondae,
1527 1491 1724 1571 licuit,
1783 1509 1860 1551 ne
1917 1499 1978 1552 et
2031 1500 2234 1553 vetera
2290 1504 2351 1556 et
2408 1505 2656 1560 externa

290 1596 599 1661 quaeram,
655 1580 825 1662 mihi,
884 1581 990 1643 sed
1045 1584 1249 1642 nescio
1306 1600 1424 1661 quo
1483 1581 1659 1641 modo
1708 1580 1979 1641 inhaeret
2024 1581 2087 1641 in
2133 1581 2435 1644 mentibus
2484 1590 2655 1665 quasi

289 1667 623 1729 saeclorum
670 1670 967 1749 quoddam
1013 1674 1331 1750 augurium
1377 1671 1752 1751 futurorum,
1806 1669 1990 1749 idque
2043 1670 2107 1729 in
2162 1674 2434 1733 maximis
2488 1677 2655 1755 inge-

289 1757 403 1816 niis
458 1756 881 1839 altissimisque
941 1762 1153 1821 animis
1210 1769 1272 1821 et
1326 1761 1561 1822 exsistit
1615 1759 1871 1819 maxime
1937 1766 1999 1818 et
2058 1757 2303 1838 adparet
2358 1762 2655 1827 facillime.

289 1843 421 1915 Quo
468 1846 711 1926 quidem
758 1849 999 1929 dempto
1047 1851 1182 1929 quis
1229 1857 1350 1910 tam
1397 1857 1558 1909 esset
1605 1865 1837 1928 amenS,
1894 1848 1999 1925 qui
2045 1865 2283 1928 semper
2328 1852 2392 1911 in
2437 1851 2655 1915 labori·

202 1947 272 1996 34
291 1933 406 1994 bus
467 1944 528 1997 et
585 1937 870 2016 periculis
930 1934 1200 1998 viveret?

1289 1937 1531 2017 Loquor
1593 1936 1665 1997 de
1726 1934 2125 2015 principibus:
2195 1935 2383 2016 quid?
2439 1948 2653 2021 poetae

289 2041 487 2085 nonne
532 2034 671 2105 post
716 2034 973 2088 mortem
1018 2025 1322 2088 nobilitari
1368 2022 1620 2087 volunt‘?
1710 2024 1880 2085 Unde
1928 2043 2070 2104 ergo
2116 2024 2312 2088 illud?

603 2133 894 2210 Aspicite,
942 2151 978 2195 o
1024 2136 1202 2207 cich,
1249 2136 1412 2194 senis
1458 2133 1629 2193 Enni
1670 2133 1956 2208 imaqinis
1994 2131 2291 2207 formam:

476 2222 485 2227 ’
712 2224 816 2283 hic
860 2229 1126 2283 vestrum
1165 2226 1374 2299 pinxit
1418 2225 1691 2282 maxima
1730 2220 1911 2296 facta
1949 2228 2219 2298 patrum.

283 2358 776 2499 nmiwffl
798 2359 1413 2485 ’‘132?“.‘²w²⁶.”·f“e132·a⁹;3;

284 2499 427 2554 vird
460 2500 623 2555 nicht
648 2501 830 2556 selten
858 2500 1214 2571 angewandt,
1249 2516 1414 2555 wenn

282 2570 377 2625 die
404 2571 608 2627 beiden
623 2571 869 2642 Begriffe
900 2588 1222 2628 zusammen
1248 2571 1413 2625 einen

283 2641 536 2697 hdheren
563 2643 771 2711 bilden‚
808 2644 930 2699 also
958 2644 1083 2698 hier
1107 2643 1411 2713 sepulchra.

283 2712 414 2782 Vgl.
460 2714 542 2769 111
595 2721 654 2779 3,
710 2721 743 2769 6
808 2716 1164 2799 omnibusque
1217 2715 1414 2783 opibus

283 2786 517 2853 viribus,
551 2791 616 2842 ut
651 2793 857 2841 nosmet
888 2788 1004 2855 ipsi
1028 2786 1188 2841 nobis
1213 2786 1416 2840 mederi

274 2858 581 2925 possimus,
626 2858 1022 2913 elaborandum
1067 2862 1161 2913 est.
1235 2857 1287 2910 V
1324 2862 1412 2924 31,

284 2931 355 2981 8⁷
382 2944 482 2983 nec
507 2945 626 2983 eam
653 2930 846 2996 minis,
884 2929 1271 2984 blandimentis
1296 2943 1412 2983 cor-

283 3005 456 3068 rupta
490 3000 706 3055 deseret.

356 3075 444 3126 32.
455 3072 740 3140 specimen,
763 3070 889 3125 ‘das
897 3069 1156 3138 Vorbild,
1172 3069 1407 3138 Typus'.

357 3146 1091 3198 33.neetveteraetext.
1166 3145 1409 3196 et—et

283 3212 375 3266 fiir
411 3218 513 3269 aut
549 3244 616 3253 -
656 3218 756 3268 aut
790 3213 850 3266 in
887 3213 1071 3267 einem
1108 3211 1415 3281 negativen

289 3284 453 3340 Satze
497 3283 576 3339 ist
621 3285 818 3341 selten.
894 3282 965 3339 de
1014 3282 1105 3339 off.
1143 3282 1172 3336 I
1210 3289 1308 3351 14,
1344 3288 1413 3337 42

287 3357 586 3412 videndum
635 3360 739 3422 est,
798 3372 867 3409 ne
913 3356 1053 3410 obsit
1106 3355 1417 3425 beniynitas

288 3432 340 3481 et
375 3428 450 3482 iis
485 3428 652 3497 ipsis,
698 3428 896 3496 quibus
944 3427 1172 3496 benique
1205 3426 1413 3482 videbi—

286 3503 382 3552 tur
416 3499 541 3566 fieri
576 3504 638 3580 et·
663 3500 866 3554 ceteris.
938 3498 1103 3552 Auch
1148 3502 1213 3551 ut
1247 3513 1416 3567 neque

288 3568 1418 3710 -urfinmfflfinoe

288 3712 377 3765 lex
410 3713 475 3766 in
514 3712 765 3767 amicitia
800 3713 1108 3780 sanciatur,
1144 3718 1209 3767 ut
1243 3727 1412 3781 neque

283 3798 531 3852 royemus
593 3799 679 3839 res
742 3788 932 3853 turpes
987 3800 1087 3838 nec
1139 3784 1412 3851 faciamus

283 3869 382 3923 roy
386 3856 483 3910 ati.

360 3924 499 3996 Kap.
541 3924 638 3982 15.
705 3927 966 3997 cogitasse
1005 3924 1413 4008 ‘beabsichtigt

287 3944 528 4051 haben’z
565 3996 802 4052 deshalb
840 3997 989 4068 folgt
1023 4013 1117 4052 em
1139 3995 1268 4051 Satz
1305 3996 1413 4051 mit

286 4073 366 4123 ut.
407 4099 473 4107 —
511 4038 618 4124 1)16
652 4068 941 4139 Hoffnung
986 4067 1087 4123 auf
1127 4066 1252 4123 eine
1288 4085 1412 4137 per-

290 4137 542 4195 sbnliche
594 4087 1080 4195 Unsterblicnghkeit
1140 4138 1257 4193 und
1320 4138 1413 4193 die

287 4210 554 4281 Absicht,
602 4211 723 4267 sich
768 4210 1189 4266 unsterblichen
1225 4210 1413 4264 Ruhm

288 4300 357 4337 zu
392 4283 697 4354 erwerben,
734 4283 964 4339 werden
1007 4299 1121 4338 von
1159 4280 1271 4338 Cic.
1309 4279 1417 4336 mit

288 4353 557 4411 einander
592 4354 974 4411 koufundiert.

1592 2363 1680 2413 34.
1730 2357 2043 2426 Adspicite,
2098 2357 2328 2414 Ennius'
2365 2360 2652 2433 1110316111,

1519 2444 1634 2483 von
1675 2427 1796 2482 ihm
1842 2428 2020 2483 selbst
2106 2428 2359 2486 edichtet
2404 2381 2654 2491 111181661-

1519 2516 1630 2554 nen
1658 2499 1983 2555 Grabstein.
2061 2446 2148 2554 gb
2196 2500 2378 2557 dieses
2425 2503 2656 2562 freilich

1521 2571 1623 2626 auf
1673 2571 1800 2625 dem
1858 2569 2049 2625 Steine
2118 2573 2432 2640 gestanden
2485 2576 2655 2647 habe,

1521 2641 1621 2697 der
1656 2641 1778 2696 ihm
1812 2643 1979 2695 1111161·
2006 2642 2117 2697 den
2118 2588 2523 2701 gGrabmalern
2551 2648 2657 2703 der

1524 2713 1824 2839 8618166611
1869 2712 2141 2767 errichtet
2188 2731 2335 2783 war,
2390 2717 2507 2772 und
2552 2719 2657 2775 der

1655 2800 1836 2840 leeros
1863 2783 1987 2838 Zeit
2011 2784 2162 2839 noch
2188 2758 2413 2857 3666131
2439 2789 2654 2858 warde,

1520 2854 1600 2909 ist
1634 2854 1991 2910 zweifelhaft.
2060 2854 2251 2925 Cic.p
2255 2857 2468 2914 ..Arch
2508 2879 2565 2945 p
2596 2867 2652 2930 9,

1521 2931 1590 2980 22
1650 2927 1829 2981 Carus
1887 2927 2003 2994 fluit
2045 2874 2326 2995 Africano
2373 2934 2657 3016 superiori

1517 3003 1698 3052 noster
1734 2997 1998 3063 Ennius;
2052 2999 2240 3068 itaque
2276 3002 2437 3056 etiam
2473 3004 2539 3058 in
2573 3020 2655 3059 se-

1510 3070 1745 3137 pulchro
1791 3069 2117 3138 Scipionum
2157 3075 2401 3139 putatur
2444 3075 2496 3128 is
2540 3091 2654 3131 esse

1516 3142 1843 3195 constitutus
1878 3156 1946 3195 ex
1981 3157 2265 3196 marmore.

1594 3210 1780 3277 Enni,
1836 3210 1936 3266 der
1979 3210 2116 3266 Hiat
2168 3213 2244 3267 ist
2296 3216 2655 3273 vernachlas-

1524 3282 1666 3353 sigt,
1712 3283 1847 3339 aber
1893 3282 1993 3337 das
2038 3284 2064 3336 i
2105 3283 2320 3354 infolge
2366 3285 2466 3340 des
2510 3287 2651 3341 Hia-

1521 3356 1610 3408 166
1687 3354 1906 3422 ekiirzt,
1952 3353 2061 3408 wie
2097 3354 2159 3409 in
2194 3357 2413 3411 insulae
2448 3358 2656 3415 Ioniae

1522 3423 1617 3479 bei
1702 3423 1845 3495 ergil
1883 3425 2020 3480 oder
2055 3426 2248 3481 arbori
2282 3427 2522 3484 incertae
2558 3430 2656 3487 bei

1524 3497 1787 3553 Juvenal.
1862 3494 1969 3551 Die
2006 3496 2060 3550 N
2062 3497 2513 3579 1chtbeachtung
2554 3502 2654 3557 des

1522 3567 1927 3623 auslautenden
1989 3584 2017 3622 s
2081 3566 2174 3623 fiir
2242 3567 2333 3624 die
2395 3569 2655 3627 Position

1518 3640 1999 3765 {az-3³:303&
2020 3638 2408 3780 {Swsshffl
2445 3642 2521 3697 Μ
2555 3644 2651 3699 '⁹⁰¹

1582 3783 1795 3851 pinxit.
1853 3780 1927 3836 So
1963 3780 2153 3837 haben
2190 3782 2282 3837 die
2308 3781 2493 3851 Hass„
2531 3785 2652 3840 und

1515 3855 1743 3951 pinyere
1769 3852 1954 3910 wird
1938 3871 1997 3907 m
2023 3852 2456 3923 ubertat-agonem
2478 3854 2650 3913 Sinna

1518 3924 1610 3978 fiir
1650 3924 1987 3979 ‘anemalen'
2029 3928 2246 3993 366631.
2327 3926 2400 3980 ad
2437 3928 2652 3984 Α11.ΙΙ

1521 4002 1609 4062 21,
1648 4002 1683 4049 4
1718 4014 1755 4051 a
1788 4011 1871 4050 me
1899 3996 2115 4063 pictum
2150 4000 2202 4049 et
2232 3996 2472 4065 politum
2507 4001 2653 4055 artis

1522 4039 2023 4122 coioribus.1b.1
2062 4072 2156 4135 14,
2196 4072 2228 4121 3
2276 4072 2451 4122 totum
2494 4070 2648 4126 hunc

1522 4139 1724 4205 locum,
1769 4153 1926 4207 quem
1960 4153 2055 4207 eqo
2089 4139 2245 4192 varie
2278 4140 2412 4193 meis
2446 4143 2652 4195 oratio-

1522 4210 1689 4265 nibus
1759 4209 1900 4264 soleo
1963 4209 2212 4291 pingere.
2323 4208 2437 4264 Der
2497 4210 2652 4267 Witz

1526 4280 1744 4335 scheint
1792 4279 1999 4349 gerade
2048 4279 2109 4333 in
2156 4280 2285 4333 dem
2333 4278 2651 4351 Gegensatz

1526 4353 1622 4407 des
1641 4352 1929 4422 gemalten
1945 4349 2160 4406 Ennius
2190 4351 2305 4405 und
2325 4350 2424 4407 des
2442 4350 2651 4411 Malers

2883 12 2896 265 ι

2772 312 2896 787 3

2893 1096 2896 1121 :
