2902 4649
611 155 1212 213 TUSCULANARUM
1250 156 1860 213 DISPUTATIONUM
1900 157 1966 213 11.
2007 161 2234 212 55-60,
2473 156 2598 220 101

244 325 444 404 Atque
491 325 607 385 hoc
652 333 1065 405 praeceptum,
1112 324 1268 403 quod
1319 324 1394 385 de
1442 324 1646 385 dolore
1693 324 1895 404 datur,
1949 331 2113 403 patet
2158 323 2361 385 latius:
2417 324 2695 389 omni-53

243 413 363 475 bus
408 416 569 474 enim
616 413 825 494 rebus,
879 431 1000 474 non
1048 413 1239 474 solum
1287 412 1505 494 dolori,
1561 413 1738 474 simili
1785 415 2166 474 contentione
2222 413 2404 473 animi
2457 414 2603 472 resi·

245 502 529 564 stendum
577 510 685 563 est.
776 501 869 562 Ira
917 502 1279 583 exardescit,
1332 501 1516 563 libido
1564 503 1925 563 concitatur:
1980 504 2041 562 in
2100 502 2349 563 eandem
2404 518 2605 561 arcem

246 591 716 671 confugiendum
761 598 881 673 est,
941 590 1145 652 eadem
1194 600 1337 653 sunt
1391 609 1555 651 arma
1588 591 1919 652 ·sumenda.
2012 590 2129 651 Sed
2191 592 2470 671 quoniam
2530 590 2604 650 de

245 680 454 741 dolore
500 679 831 761 loquimur,
876 680 975 740 illa
1021 681 1382 742 omittamus
1474 680 1561 741 Ad
1601 681 1911 741 ferendum
1952 682 2135 759 igitur
2172 679 2437 741 dolorem
2483 678 2604 758 pla·

246 768 385 831 cide
433 775 610 848 atque
659 768 859 829 sedate
898 768 1222 847 plurimum
1269 768 1508 849 proficit
1551 777 1679 830 toto
1724 777 1996 874 pectore,
2043 777 2110 830 ut
2156 769 2401 847 dicitur,
2447 769 2606 847 cogi-

245 867 379 919 tare
438 876 613 937 quam
673 857 732 918 id
795 858 1114 919 honestum
1175 861 1268 918 sit.
1361 858 1584 920 Sumus
1644 861 1803 937 enim
1864 867 2102 938 natura,
2160 866 2228 919 ut
2287 867 2422 918 ante
2484 856 2605 916 dixi

250 980 332 992 --
385 946 701 1008 dicendum
750 952 843 1007 est
888 949 1046 1007 enim
1095 948 1332 1026 saepius
1380 980 1494 1027 -,
1541 948 1962 1008 studiosissimi
2015 947 2607 1026 adpetentissimique

244 1037 607 1117 honestatiS,
653 1036 828 1097 cuius
874 1037 927 1096 si
973 1037 1144 1115 quasi
1180 1035 1380 1097 lumen
1421 1036 1658 1115 aliquod
1699 1038 2067 1116 aspeximuS,
2113 1035 2261 1096 nihil
2299 1043 2391 1095 est
2428 1032 2608 1115 qnod,

243 1132 319 1186 ut
378 1143 449 1186 eo
509 1126 833 1204 potiamur,
894 1142 1014 1184 non
1072 1127 1262 1203 parati
1323 1126 1511 1186 simus
1571 1132 1632 1186 et
1689 1127 1846 1186 ferre
1904 1133 1964 1184 et
2009 1126 2262 1204 perpeti.
2354 1122 2442 1183 Ex
2489 1121 2606 1182 hoc

243 1231 434 1275 cursu
479 1220 658 1293 atque
705 1215 932 1291 impetu
980 1214 1310 1274 animorum
1359 1214 1430 1274 ad
1479 1232 1679 1275 veram
1725 1213 1959 1275 laudem
2006 1223 2184 1293 atque
2229 1213 2605 1273 honestatem

243 1302 349 1363 illa
392 1301 660 1382 pericula
706 1301 1003 1363 adeuntur
1048 1304 1111 1362 in
1156 1301 1425 1383 proeliiS,
1488 1321 1606 1363 non
1653 1304 1923 1364 sentiunt
1967 1304 2080 1362 viri
2127 1303 2312 1362 fortes
2357 1304 2420 1362 in
2477 1302 2604 1361 acie

242 1391 516 1472 volnera,
582 1390 673 1450 vel
733 1392 1028 1470 sentiunt,
1092 1390 1198 1452 sed
1258 1394 1410 1452 mori
1472 1391 1699 1453 malunt
1759 1409 1936 1471 quam
1997 1399 2227 1451 tantum
2288 1389 2466 1451 modo
2527 1389 2600 1449 de

243 1480 554 1559 dignitatis
627 1478 812 1559 gradu
888 1478 1206 1540 demoveri.
1308 1480 1629 1559 Fulgentes
1700 1480 1927 1560 gladios
2001 1479 2262 1540 hostium
2327 1477 2606 1539 videbant
2626 1494 2695 1543 59

247 1568 446 1649 Decii,
505 1586 641 1630 cum
702 1571 762 1629 in
824 1570 1011 1629 aciem
1074 1586 1280 1629 eorum
1342 1568 1678 1631 inruebant.
1771 1568 1878 1629 His
1926 1568 2156 1629 levabat
2203 1586 2441 1628 omnem
2486 1566 2605 1627 vol·

247 1675 468 1718 nerum
529 1665 752 1717 metum
816 1656 1094 1717 nobilitas
1153 1659 1364 1718 mortis
1425 1665 1488 1718 et
1547 1658 1749 1738 gloria.
1840 1657 1998 1718 Num
2056 1667 2183 1719 tum
2245 1658 2607 1735 ingemuisse

247 1745 720 1825 Epaminondam
760 1753 976 1826 putaS,
1034 1764 1170 1806 cum
1225 1764 1345 1808 una
1400 1765 1537 1807 cum
1595 1749 1881 1827 sanguine
1937 1749 2117 1807 vitam
2172 1745 2420 1806 effluere
2477 1763 2607 1805 sen-

244 1830 437 1896 tiret‘?
526 1835 922 1913 Imperantem
970 1836 1129 1895 enim
1174 1837 1425 1914 patriam
1464 1835 1946 1898 Lacedaemoniis
1985 1833 2385 1915 relinquebat,
2431 1851 2607 1912 quam

245 1930 565 2004 acceperat
601 1925 978 1983 servientem.
1069 1923 1229 1984 Haec
1273 1932 1420 1985 sunt
1466 1925 1709 2006 solacia,
1756 1925 1902 1985 haec
1941 1925 2197 1985 fomenta
2238 1940 2609 1984 summorum

249 2011 545 2074 dolorum.

433 2100 670 2182 DiceS,
688 2100 830 2181 quid
879 2103 942 2161 in
988 2120 1175 2186 pace,
1209 2101 1352 2182 quid
1399 2102 1586 2183 domi,
1634 2101 1776 2181 quid
1822 2104 1883 2162 in
1930 2098 2193 2162 lectulo?
2281 2099 2369 2160 Ad
2419 2098 2662 2203 philo·6
2631 2077 2723 2141 25

248 2189 475 2270 sophos
522 2208 614 2250 me
663 2208 934 2269 revocas,
991 2193 1095 2270 qui
1150 2193 1214 2250 in
1269 2193 1457 2252 aciem
1514 2209 1635 2251 non
1689 2209 1866 2271 saepe
1919 2190 2244 2270 prodeunt,
2300 2208 2333 2249 e
2391 2155 2700 2268 quibus⁶⁰

247 2279 432 2340 homo
479 2295 619 2341 sane
667 2278 840 2360 levis,
886 2277 1270 2341 Heracleotes
1316 2278 1661 2362 DionysiuS,
1709 2298 1844 2341 cum
1893 2297 1925 2339 a
1973 2277 2210 2340 Zenone
2260 2278 2433 2339 fortis
2479 2295 2612 2339 esse

250 2366 613 2451 didicisset,
634 2387 668 2429 a
713 2368 920 2430 dolore
967 2368 1258 2430 dedoctus
1304 2378 1412 2430 est.
1505 2369 1653 2430 Nam
1701 2388 1838 2430 cum
1885 2387 1958 2429 ex
2004 2367 2252 2429 renibus
2284 2366 2615 2446 -laboraret,

248 2460 385 2537 ipso
439 2459 504 2518 in
564 2457 786 2519 eiulatu
847 2457 1184 2520 clamitabat
1243 2458 1388 2519 falsa
1447 2477 1582 2519 esse
1642 2458 1767 2537 illa,
1825 2476 1978 2537 quae
2038 2465 2213 2518 antea
2272 2456 2346 2517 de
2408 2456 2613 2516 dolore

248 2549 383 2625 ipse
430 2548 736 2610 sensisset.
828 2545 1020 2617 Quem
1067 2565 1205 2608 cum
1254 2546 1571 2608 Cleanthes
1618 2545 2066 2626 condiscipulus
2113 2555 2378 2626 rogaret,
2435 2562 2614 2623 quae·

328 2703 412 2754 58.
443 2703 601 2768 patet
637 2701 834 2765 latius,
878 2700 1054 2756 findet
1089 2700 1213 2755 eine
1251 2700 1380 2755 wei·
1561 2699 2032 2768 Epaminondam.
2087 2697 2141 2752 S.
2165 2696 2325 2753 Corn.
2347 2697 2488 2767 Nep.
2510 2696 2618 2766 Ep.

248 2773 374 2824 tere
414 2770 799 2840 Anwendung.
873 2771 944 2825 de
1001 2770 1092 2826 off.
1149 2771 1174 2825 I
1230 2776 1291 2839 2,
1345 2778 1382 2825 4
1491 2786 1537 2826 c.
1578 2777 1628 2825 9.
1704 2769 1816 2824 Cic.
1854 2771 1926 2825 de
1962 2769 2152 2825 fin.11
2189 2775 2283 2835 30,
2324 2775 2408 2825 97.

250 2842 520 2896 latissime
560 2847 750 2910 patere
792 2843 1052 2897 videntur
1101 2860 1192 2908 ea,
1243 2859 1382 2912 quae
1559 2842 1833 2910 fomenta.-
1889 2841 1959 2895 de
1995 2840 2088 2895 fin.
2126 2840 2181 2893 11
2217 2846 2312 2907 29,
2351 2845 2421 2894 95
2456 2839 2617 2908 forti-

250 2913 323 2967 de
356 2912 560 2978 officiis
592 2914 809 2968 tradita
847 2914 923 2968 ab
968 2914 1086 2968 illis
1129 2919 1181 2968 et
1215 2930 1382 2983 prae-
1489 2913 1705 2968 tudinis
1730 2912 1985 2980 fomentis
2010 2913 2167 2968 dolor
2187 2882 2440 2982 mitiyari
2467 2912 2617 2966 solet.

251 2988 414 3051 cepta
447 2987 593 3037 amit.
1561 2983 1704 3053 Καρ.
1769 2982 1868 3039 25.
1942 2989 2026 3039 60.
2098 2983 2436 3053 Dionysius,
2518 2981 2620 3037 des

327 3054 373 3106 I
369 3071 439 3108 ra
465 3055 770 3109 exardescit
804 3055 910 3109 cet.
983 3054 1100 3108 Das
1137 3054 1383 3124 Asynde-
1491 3002 1897 3125 Theophantus
1955 3054 2109 3109 Sohn
2161 3070 2262 3107 aus
2317 3053 2620 3119 Herakles,

250 3127 357 3179 ton
394 3121 457 3177 in
493 3122 861 3195 Verbindung
910 3124 1010 3180 der
1058 3126 1224 3180 Satze
1268 3127 1384 3180 und
1494 3142 1615 3180 war
1670 3125 1905 3183 Schiiler
1959 3126 2059 3181 des
2113 3126 2279 3180 Zeno.
2352 3123 2504 3179 Weil
2558 3138 2620 3178 er

251 3193 504 3266 Begriffe
549 3194 687 3250 latet
736 3196 841 3251 das
874 3195 1140 3251 Einzelne
1189 3212 1387 3267 goson-
1496 3215 1561 3267 sp
1563 3200 1688 3252 ater
1725 3215 1821 3251 zur
1855 3196 1901 3250 E
1941 3195 2298 3251 ikureischen
2340 3195 2478 3250 oder
2514 3195 2619 3263 Cy·

253 3267 412 3332 dert,
468 3266 587 3321 und
629 3267 827 3320 darum
862 3266 1217 3323 bestimmter
1271 3267 1388 3321 und
1494 3268 1827 3324 renaischen
1898 3215 2164 3336 {hilosop
2165 3265 2259 3320 hie
2343 3266 2621 3332 siberti-at,

256 3337 484 3391 effla-ker
519 3336 984 3406 hervorgehoben
1037 3338 1168 3392 dem
1217 3337 1389 3392 Leser
1497 3338 1702 3394 erhielt
1757 3356 1819 3394 er
1872 3338 1982 3393 den
2016 3285 2325 3393 Beinamen
2372 3334 2620 3405 μεταθέ·

251 3408 746 3479 entgegentreten.
1497 3429 1681 3477 μενος.
1757 3409 1833 3463 Ει·
1859 3409 1938 3463 ist
1959 3407 2122 3464 nicht
2147 3425 2214 3461 zu
2238 3406 2621 3463 verwechseln

325 3484 441 3534 toto
467 3485 715 3549 pectore:
753 3478 867 3549 vgl.
910 3480 980 3535 de
1016 3479 1126 3551 leg.
1155 3481 1182 3534 I
1215 3484 1298 3548 18,
1318 3486 1389 3534 49
1497 3481 1605 3535 mit
1632 3480 1762 3535 dem
1793 3486 1886 3548 11,
1916 3484 1985 3534 26
2018 3478 2345 3534 erwithnten
2375 3475 2619 3533 Stoiker.

252 3551 307 3605 si
340 3566 460 3605 non
502 3552 619 3620 ipse
670 3552 882 3605 amicus
921 3567 1023 3620 per
1066 3567 1123 3606 se
1166 3556 1388 3606 amatur
1566 3552 1824 3607 dedoctus
1858 3522 1962 3605 e’st:
1998 3550 2068 3606 de
2103 3550 2196 3606 fin.
2236 3549 2263 3603 I
2301 3556 2352 3618 6,
2389 3555 2461 3604 20
2497 3550 2549 3604 si
2584 3567 2622 3604 a

253 3626 368 3676 toto
394 3627 641 3690 pectore,
680 3626 744 3676 ut
776 3623 1003 3676 dieitur.
1498 3623 1808 3693 Polyaeno,
1843 3622 2121 3689 familiari
2147 3637 2274 3688 suo,
2299 3622 2623 3690 geometrica

333 3693 546 3759 lumen,
586 3691 705 3748 ‘ein
741 3691 975 3748 Strahl’.
1494 3694 1701 3749 discere
1734 3694 2012 3748 maluisset
2055 3710 2224 3763 quam
2262 3693 2423 3748 illum
2458 3693 2625 3747 etiam

330 3763 479 3831 ferre
522 3768 575 3818 et
608 3769 797 3835 perpet
797 3765 846 3830 i,
941 3763 1176 3835 eduldig
1212 3766 1385 3818 ertra-
1494 3766 1678 3834 ipsum
1712 3765 1978 3818 dedocere.

256 3851 395 3905 gen,
451 3833 567 3904 vgl.
623 3835 694 3888 de
749 3851 827 3890 or
828 3782 941 3887 ff
976 3840 1061 3904 19,
1102 3840 1166 3891 77
1223 3835 1390 3903 facile
1567 3851 1635 3889 ex
1659 3836 1887 3890 renibus
1913 3836 2203 3919 laboraret.
2269 3833 2323 3887 N
2323 3834 2429 3887 ach
2456 3831 2622 3902 Diog.

254 3921 443 4032 Ἥ
470 3907 1253 4058 phgrcpgzwormetagzrefegpdffl
1289 3992 1390 4032 aus
1499 3905 2018 4046 ἕιξιιέἔθίξῖἓὲξιξῗ
2069 3903 2623 4043 ἐξειθθῖιῖεἰῒζὲθέιι

256 4048 476 4104 diesem
510 4046 769 4118 feurigen
803 4047 1013 4118 Drang.
1499 4048 1725 4103 andern.

331 4124 555 4216 tentum
587 4120 775 4185 modo,
814 4119 982 4174 auch
1019 4137 1125 4174 nur
1161 4119 1253 4174 ein
1279 4135 1391 4175 we·
1574 4118 1857 4175 Cleanthes
1892 4135 1994 4173 aus
2031 4117 2205 4173 Assus
2238 4134 2368 4200 war·
2388 4121 2454 4171 18
2483 4115 2627 4173 Jahr

260 4191 407 4261 nig’,
453 4190 572 4261 vgl.
609 4208 666 4260 p.
707 4187 866 4245 Caee.
906 4196 1000 4258 20,
1039 4197 1109 4246 58
1154 4208 1225 4246 ne
1268 4195 1390 4245 tan-
1500 4190 1677 4245 Zenos
1701 4190 1938 4246 Schiiler
1963 4190 2080 4244 und
2109 4189 2260 4243 daun
2288 4187 2412 4244 sein
2438 4187 2623 4242 Nach-

258 4265 442 4317 tulum
477 4261 711 4331 quidem.
1499 4259 1684 4344 folger
1720 4262 1823 4317 auf
1852 4262 1980 4317 dem
2018 4259 2322 4316 Lehrstuhl
2356 4258 2457 4314 der
2488 4258 2629 4314 Stoa.

334 4338 421 4387 59.
459 4332 651 4401 Decii,
689 4349 734 4388 s.
771 4333 799 4387 I
835 4338 930 4400 3⁷,
969 4339 1056 4389 89.
1499 4331 1560 4386 in
1597 4333 1799 4388 Athen.
