2902 4649
583 175 1182 232 TUSCULANARUM
1218 176 1826 233 DISPUTATIONUM
1862 179 1957 235 IV.
2000 184 2226 234 72-77,
2494 179 2579 242 91

217 345 391 405 furor
437 345 672 404 amoriS.
765 342 1056 405 Omnibus
1104 346 1263 404 enim
1321 337 1395 404 ex
1449 347 1630 405 animi
1683 343 2237 424 perturbationibus
2294 352 2388 405 est
2440 339 2578 424 pro-

220 433 381 493 fecto
422 432 582 494 nulla
618 432 1053 513 vehementior,
1097 440 1194 515 ut,
1242 435 1293 493 si
1337 435 1456 494 iam
1502 435 1632 513 ipsa
1677 434 1775 494 illa
1812 451 2094 494 accusare
2141 433 2323 515 noHS,
2370 442 2580 513 stupra

215 520 354 582 dico
405 529 465 581 et
511 521 881 601 corruptelas
930 529 991 582 et
1036 522 1325 583 adulteria
1332 539 1351 603 3
1395 524 1626 583 incesta
1672 523 1959 603 denique,
2006 540 2264 602 quorum
2312 524 2577 584 omnium

217 609 571 671 accusabilis
628 618 721 671 est
774 610 1113 692 turpitudo,
1175 611 1282 671 sed
1346 619 1415 672 ut
1479 611 1626 672 baec
1692 614 1954 691 omittaS,
2018 610 2391 690 perturbatio
2449 614 2577 691 ipsa

213 700 436 760 mentis
482 701 545 759 in
591 716 792 759 amore
830 699 1001 759 foeda
1039 718 1149 779 per
1186 718 1252 760 se
1295 708 1404 761 est.
1495 699 1673 782 Nam,
1718 707 1787 762 ut
1831 699 1930 762 illa
1975 708 2375 780 praeteream,
2423 718 2574 780 quae
2599 718 2668 767 ‘16

213 795 357 849 sunt
422 788 676 869 furoris,
736 787 883 848 baec
947 790 1077 867 ipsa
1141 807 1251 868 per
1313 807 1448 849 sese
1514 807 1690 869 quam
1749 788 1971 850 babent
2034 789 2357 870 levitatem,
2424 807 2579 869 quae

213 877 496 938 videntur
543 894 673 936 esse
722 873 1089 937 mediocria?

757 979 796 1000 ⁴¹·
1843 964 2150 1042 Iniziriae,

395 1051 781 1132 suspitioneS,
829 1051 1216 1130 inimicitiae,
1266 1053 1568 1131 indatiae,

397 1142 640 1218 bellam,
677 1162 816 1220 pax
860 1161 1142 1204 rursum:
1188 1142 1431 1205 inee'rta
1477 1148 1634 1206 haee
1678 1147 1736 1204 si
1779 1150 1844 1204 tu
1882 1143 2150 1221 postules

397 1232 639 1293 ratio'ne
686 1238 862 1293 certa
902 1231 1150 1308 facere,
1197 1235 1388 1294 nihilo
1427 1232 1571 1311 plns
1618 1250 1772 1308 aqas

394 1337 577 1395 quam
622 1318 682 1381 si
723 1325 829 1382 des
876 1340 1126 1399 operam
1170 1328 1241 1381 ut
1287 1320 1427 1383 enm
1474 1325 1717 1382 ratione
1763 1318 2055 1382 insaniae.

218 1425 381 1486 Haec
426 1428 825 1488 inconstantia
880 1427 1363 1508 mutabilitasque
1420 1429 1639 1489 mentis
1695 1445 1874 1508 quem
1929 1445 2050 1488 non
2105 1429 2234 1507 ipsa
2288 1430 2576 1507 pravitate

215 1510 565 1575 deterreat?
654 1514 763 1576 Est
820 1518 999 1590 etiam
1052 1515 1224 1597 illud,
1281 1517 1441 1596 quod
1496 1519 1559 1577 in
1616 1519 1778 1577 omni
1830 1515 2280 1596 perturbatione
2337 1516 2576 1599 dicitur,

221 1603 782 1685 demonstrandum,
816 1604 1038 1666 nullam
1068 1623 1200 1665 esse
1230 1607 1347 1665 nisi
1386 1604 1770 1686 opinabilem,
1808 1606 1925 1665 nisi
1959 1605 2180 1666 iudicio
2219 1614 2576 1687 susceptam,

218 1694 338 1753 nisi
374 1691 783 1754 voluntariam.
848 1692 1088 1754 Etenim
1126 1696 1177 1753 si
1215 1694 1502 1755 naturalis
1538 1713 1703 1754 amor
1742 1701 1928 1774 esset,
1967 1701 2027 1753 et
2064 1702 2330 1756 amarent
2367 1713 2576 1755 omnes

212 1789 274 1841 et
334 1799 573 1860 semper
629 1789 898 1842 amarent
952 1791 1014 1843 et
1066 1781 1248 1867 idem,
1280 1791 1574 1864 amarent,
1630 1800 1827 1862 neque
1883 1781 2063 1842 alium
2116 1782 2338 1866 pudor,
2395 1783 2574 1844 alium

209 1871 526 1951 cogitatio,
573 1869 752 1931 alium
801 1872 1042 1931 satietas
1089 1871 1439 1933 deterreret.

390 1958 484 2018 Ira
538 1977 708 2040 vero,
775 1978 926 2039 quae
994 1978 1170 2039 quam
1237 1959 1340 2021 diu
1402 1959 1719 2041 perturbat
1783 1962 2077 2041 animum,
2144 1959 2574 2022 dubitationem

208 2049 475 2108 insaniae
522 2065 643 2108 non
688 2047 896 2129 habet,
944 2050 1114 2110 cuius
1160 2048 1401 2129 inpulsu
1450 2051 1685 2109 exsistit
1732 2051 1911 2109 etiam
1967 2051 2125 2108 inter
2182 2050 2400 2110 fratres
2455 2049 2571 2110 tale

206 2138 499 2216 iurgium:

387 2245 458 2303 Α.
515 2240 664 2316 Quis
708 2246 882 2303 homo
932 2250 990 2304 te
1036 2241 1433 2320 exsuperavit
1475 2261 1736 2319 usquam
1777 2242 2052 2320 qe'ntium
2099 2242 2500 2321 inpudentia?

387 2333 473 2393 M.
530 2329 678 2406 Quis
725 2336 865 2394 item
912 2331 1149 2394 malitia
1197 2336 1295 2395 te?

2594 1923 2681 2050 ἓξ

281 2505 638 2571 accusabilis,
675 2520 793 2559 was
831 2504 939 2557 den
976 2503 1338 2574 Gregenstand
1445 2503 1683 2573 weisen‚
1759 2503 1880 2558 dass
1946 2504 2037 2558 die
2102 2503 2571 2559 Leidenschaften

204 2577 364 2631 einer
390 2575 822 2644 gerichtlich
836 2591 915 2628 en
941 2575 1201 2644 Anklage
1229 2575 1337 2629 bil·
1444 2573 1734 2644 freiwillig
1771 2573 1910 2630 sind,
1985 2573 2114 2645 Vgl.
2154 2580 2184 2640 ς
2215 2581 2281 2629 79
2318 2577 2370 2630 si
2404 2581 2570 2630 natu-

205 2647 321 2701 den
363 2647 533 2701 kann.
606 2647 722 2700 Das
771 2645 937 2700 Wort
990 2645 1169 2699 findet
1214 2646 1337 2701 sich
1442 2646 1585 2700 ralis
1621 2650 1752 2700 esset
1786 2645 1905 2712 ira‘,
1941 2651 2043 2701 aut
2076 2647 2225 2701 alias
2252 2647 2365 2701 alio
2390 2647 2571 2716 mayis

204 2736 314 2773 nur
348 2717 499 2785 hier,
556 2735 599 2772 s.
636 2736 681 2770 z.
719 2717 801 2771 III
839 2722 869 2782 ξ
913 2721 981 2770 74
1018 2717 1333 2785 opinabilis.
1444 2717 1754 2771 iracundae
1789 2721 1921 2771 esset
1961 2719 2066 2772 cet.

280 2790 375 2844 sect
434 2794 500 2843 ut
563 2789 694 2842 haee
747 2790 983 2842 omittas.
1057 2788 1172 2841 Der
1226 2785 1337 2841 Ge-

203 2859 395 2914 danke
451 2861 503 2914 si
555 2861 671 2914 iam
723 2861 851 2928 ipsa
917 2859 1020 2913 illa
1076 2874 1337 2914 accusare

202 2931 381 2996 notia,
433 2929 577 2984 wird
631 2930 780 2984 nach
829 2929 958 2983 dem
1010 2930 1335 2999 eingescho-

1514 2787 1656 2857 Καρ.
1717 2787 1814 2842 86.
1892 2792 1974 2842 77.
2041 2788 2151 2842 Ira
2212 2803 2364 2854 vem,
2428 2805 2570 2857 quae

1442 2859 1739 2927 quamdiu:
1780 2858 1875 2912 ein
1912 2858 2204 2914 sshnliehes
2238 2859 2567 2914 Anakoluth

1443 2928 1551 2983 wie
1589 2934 1684 2999 35,
1725 2935 1792 2984 72
1847 2930 1941 2984 sin
1993 2935 2175 2984 autem
2212 2936 2309 2984 est
2361 2932 2568 3000 aliquis

204 3003 393 3056 benen
450 3002 613 3056 Satze
668 3002 776 3055 mit
830 3001 1045 3055 andern
1098 3001 1335 3056 Worten

207 3072 422 3127 wieder
457 3071 889 3143 ausgenommen
933 3075 1050 3127 und
1095 3072 1334 3143 infolge-

208 3145 413 3198 dessen
467 3142 556 3197 die
601 3143 1011 3197 Konstruktion
1062 3144 1335 3214 abgebro·

212 3215 385 3281 chen,
424 3212 612 3268 sodass
651 3215 749 3268 der
785 3213 939 3283 Satz,
991 3215 1089 3268 der
1123 3231 1234 3270 von
1269 3220 1335 3269 nt

209 3285 517 3355 abhangen
568 3284 733 3339 sollte
748 3327 763 3353 ,
807 3286 1155 3353 perturbatio
1207 3287 1335 3355 ipsa

206 3358 407 3411 mentis
434 3356 540 3410 cet.
566 3355 626 3409 in
653 3355 761 3410 den
780 3355 1068 3412 Indikativ
1094 3357 1331 3412 kommt.

208 3428 286 3483 de
322 3426 413 3482 off.
452 3426 533 3480 III
580 3432 675 3496 26,
723 3432 791 3481 97
854 3427 997 3481 Utile
1045 3429 1334 3483 videbatur

216 3499 381 3554 Ulixi
425 3529 493 3538 —
540 3499 633 3552 sed
676 3498 1008 3552 insimnlant
1052 3516 1172 3553 eam
1216 3505 1332 3554 tra·

202 3571 450 3641 yoediae.
523 3568 651 3638 Vgl.
692 3568 853 3625 Tusc.
891 3569 972 3622 ΠΙ
1009 3574 1066 3636 8,
1117 3576 1184 3625 16
1236 3571 1335 3639 qui

173 3643 286 3703 *sit
319 3648 625 3709 temperans
644 3671 713 3681 —
732 3643 830 3710 qui
855 3642 930 3695 eit
954 3641 1112 3710 fraqi
1137 3642 1329 3710 iyitar.

278 3718 368 3767 76.
399 3712 690 3766 Iniuriae.-
724 3727 825 3766 aus
846 3711 1059 3766 Terenz
1077 3711 1328 3767 Eunuch.

203 3783 235 3837 1
267 3789 318 3852 1,
349 3787 435 3848 14,
463 3799 551 3837 wo
579 3783 671 3837 die
690 3783 888 3838 Worte
915 3782 1331 3853 vorhergehen:

206 3855 293 3909 In
330 3855 514 3909 amare
547 3855 679 3909 haec
714 3856 902 3909 omnia
936 3857 1132 3908 insunt
1174 3854 1330 3909 vitia.

205 3958 276 3967 -
315 3927 382 3980 In
435 3926 765 3994 suspitiones
817 3926 894 3980 ist
951 3925 1049 3979 das
1108 3925 1255 3979 erate
1309 3925 1335 3979 i

204 3999 349 4068 lang
383 3997 723 4067 gebraucht,
766 3997 871 4051 wie
908 3996 1102 4065 h‘aufig
1138 3996 1197 4049 in
1234 3995 1336 4050 der

201 4068 429 4124 {steten
462 4066 679 4123 Poesie.

277 4141 498 4194 ratione
524 4144 672 4194 certa
698 4163 767 4184 =
797 4155 920 4193 enm
946 4139 1178 4205 ratione,
1206 4153 1332 4193 ver—

201 4210 459 4281 m’inftig,
496 4210 867 4266 methodisch.

278 4288 332 4337 et
381 4286 632 4337 amarent
674 4297 872 4336 omnes.
946 4281 1060 4335 Das
1114 4281 1333 4351 Haupt·

203 4354 510 4424 argument
546 4352 647 4407 der
674 4352 909 4410 Stoiker
922 4395 936 4423 ‚
989 4370 1086 4407 um
1122 4371 1192 4406 zu
1236 4353 1332 4407 be-

1444 3016 1613 3055 amor.
1687 3000 1804 3054 Das
1842 3019 1909 3054 zu
1945 3001 2038 3055 ira
2075 3001 2344 3072 gehbrige
2372 3001 2566 3056 Pradi·

1444 3071 1547 3125 kat
1582 3073 1804 3126 inutilis
1841 3077 1918 3126 eat
1952 3071 2103 3142 folgt
2143 3075 2259 3127 eret
2294 3077 2324 3137 ξ
2365 3079 2430 3128 79
2467 3074 2569 3128 abi

1440 3147 1574 3197 sunt
1608 3159 1734 3215 erqo
1770 3144 1896 3208 isti,
1932 3145 2031 3212 qni
2064 3144 2420 3198 iracundiam
2454 3145 2567 3199 ati-

1442 3215 1544 3268 lem
1594 3215 1802 3269 dicunt.
1877 3212 2009 3282 Vgl.
2057 3212 2110 3267 V
2158 3221 2253 3281 19,
2301 3219 2370 3268 54
2413 3215 2566 3270 simi-

1442 3285 1612 3340 lemne
1639 3290 1814 3354 putas
1852 3285 1909 3339 G.
1941 3284 2129 3339 Laelii
2161 3302 2338 3339 unum
2373 3300 2564 3340 consu·

1441 3357 1618 3411 latum
1667 3357 1841 3425 faisse
1888 3385 1957 3395 —
2002 3356 2097 3409 sed
2151 3360 2334 3410 tamen
2377 3362 2567 3412 utram

1440 3429 1629 3482 malles
1655 3432 1706 3481 te
1732 3427 1890 3481 semel
1914 3431 1980 3480 nt
2006 3426 2263 3480 Laeliwm
2295 3429 2565 3482 consulem

1440 3515 1518 3552 an
1553 3503 1618 3552 nt
1655 3497 1898 3552 Cinnam
1932 3502 2140 3566 quater.
2215 3497 2289 3551 ad
2316 3498 2436 3553 Att.
2458 3499 2567 3553 VH

1439 3575 1492 3636 3,
1531 3574 1563 3623 5
1602 3570 1765 3623 Illud
1813 3569 1995 3639 ipsum
2046 3570 2194 3638 quod
2247 3570 2359 3635 aia,
2416 3569 2568 3640 Qwid

1437 3641 1559 3708 fiet,
1609 3656 1732 3694 cwm
1776 3642 1882 3694 erit
1925 3641 2134 3695 dictam
2169 3671 2242 3681 —
2276 3657 2434 3695 wozu
2480 3641 2565 3696 als

1438 3709 1714 3765 Prndikat
1762 3727 1861 3765 aus
1915 3711 2045 3766 dem
2091 3711 2401 3782 folgenden
2454 3711 2566 3767 Ge-

1442 3781 1666 3836 danken
1691 3800 1761 3836 zu
1780 3787 2055 3852 ergitnzen
2082 3783 2161 3837 ist
2183 3784 2564 3851 difficultatem

1439 3869 1555 3907 non
1589 3853 1822 3908 habebit.

1502 3925 1910 3980 ¹dubitationem
1925 3954 1999 3964 —-
2015 3925 2202 3979 habet.-
2227 3925 2342 3995 vgl.
2372 3925 2441 3979 de
2471 3925 2563 3981 off.

1439 3994 1522 4048 III
1560 4001 1610 4064 2,
1649 4001 1680 4049 9
1719 3997 1786 4050 de
1822 4012 1929 4065 quo
1974 3997 2206 4051 alteram
2241 4000 2422 4064 potest
2465 3998 2565 4051 ha-

1442 4066 1561 4121 bere
1629 4067 2053 4134 dubitationem,
2127 4067 2565 4123 adhibendumne

1437 4138 1610 4204 fuerit
1635 4139 1733 4193 hoc
1759 4154 1929 4208 yenas
1957 4168 2026 4178 —
2054 4139 2285 4193 alterum
2313 4139 2565 4194 dubitari

1439 4225 1556 4264 non
1584 4214 1777 4278 potest.

1516 4280 1655 4351 Quis
1707 4281 1888 4335 homo:
1954 4297 2054 4335 aus
2112 4282 2211 4336 der
2266 4279 2564 4351 Iphigenia

1440 4352 1540 4406 des
1577 4351 1818 4420 EnniuS,
1863 4368 1952 4407 wo
1996 4351 2190 4408 dieser‘
2225 4352 2400 4407 Streit
2445 4352 2564 4406 die·
