2902 4649
506 135 1110 193 TUSCULANARU
1143 134 1753 191 DISPU'I'A'I'IONUM
1790 137 1884 192 IV.
1927 141 2153 194 18-22,
2420 137 2505 203 61

174 313 256 374 est
296 305 436 365 haec
480 307 744 386 aurium,
798 303 946 368 tales
1003 311 1144 365 sunt
1199 311 1261 364 et
1314 302 1628 364 oculorum
1684 312 1744 364 et
1800 305 2127 366 tactionum
2184 312 2245 365 et
2298 303 2509 365 odora·

172 397 385 457 tionum
442 403 502 455 et
562 412 868 475 saporum,
928 411 1079 473 quae
1143 401 1282 454 sunt
1342 410 1551 453 omnes
1607 394 1786 453 unius
1841 395 2081 472 generis
2136 393 2209 454 ad
2263 394 2508 472 perfun-

175 482 415 546 dendum
478 486 741 545 animum
814 491 1115 561 tamquam
1188 480 1607 561 inliquefactae
1670 480 2022 561 voluptates,
2112 482 2356 544 Iactatio
2418 492 2512 544 est

170 572 420 654 voluptas
463 574 729 653 gestiens
785 580 847 633 et
900 589 967 636 se
1024 571 1280 634 efferens
1335 570 1711 632 insolentius.
1803 569 1966 641 Quae
2023 579 2223 633 autem
2276 570 2511 634 libidini
2531 583 2596 633 21

172 660 421 724 subiecta
466 670 633 742 sunt,
690 680 759 722 ea
779 653 783 658 ’
806 663 891 724 sic
938 660 1334 741 definiuntur,
1388 667 1461 721 ut
1502 662 1594 720 ira
1639 661 1719 720 sit
1762 658 1945 721 libido
1992 660 2314 740 poeniendi
2359 664 2511 743 eiuS,

174 752 268 830 qui
306 749 573 814 videatur
617 750 861 813 laesisse
908 751 1153 830 iniuria,
1210 749 1706 812 excandescentia
1748 757 1950 812 autem
1996 752 2077 811 sit
2119 750 2233 812 ira‘
2255 768 2511 812 nascens

171 849 230 902 et
265 838 437 900 modo
484 842 803 919 exsistens,
860 856 1012 919 quae
1067 830 1382 919 θύμωσις
1434 837 1659 899 Graece
1714 838 1962 919 dicitur,
2018 838 2224 901 odium
2277 841 2369 900 ira
2419 842 2511 900 in·

170 936 440 1009 veterata,
495 930 808 991 inimicitia
849 930 941 989 ira
985 926 1314 989 ulciscendi
1369 935 1608 1007 tempus
1663 927 2014 1009 observans,
2067 928 2369 990 discordia
2421 930 2513 989 ira
2596 989 2607 1000 ,

170 1015 423 1078 acerbior
468 1017 605 1079 odio
653 1026 715 1079 et
758 1019 971 1078 intimo
1016 1015 1199 1078 corde
1254 1025 1575 1098 concepta,
1628 1016 1951 1096 indigentia
2008 1015 2192 1078 libido
2247 1016 2509 1096 inexple-

49 1099 52 1164 ὲ
170 1104 316 1187 bilis,
360 1105 726 1168 desiderium
769 1105 953 1168 libido
1011 1107 1168 1187 οἰιιε,
1225 1107 1330 1186 qui
1385 1104 1654 1167 nondum
1708 1105 1888 1187 adsit,
1944 1105 2200 1168 videndi„
2291 1105 2511 1169 Distin-

78 1250 84 1258 .
170 1202 345 1274 gunnt
387 1195 533 1257 illud
582 1198 792 1277 etiam,
843 1203 913 1256 ut
964 1193 1152 1258 libido
1208 1198 1288 1256 sit
1342 1211 1551 1256 earum
1602 1212 1835 1276 rerum,
1893 1213 2043 1274 quae
2099 1195 2383 1258 dicuntur
2436 1194 2510 1255 de

171 1283 409 1362 quodam
464 1293 569 1346 aut
626 1284 1010 1365 quibusdam,
1069 1301 1221 1363 quae
1274 1276 1790 1364 κατηγορήματα
1845 1283 2143 1346 dialectici
2195 1282 2512 1364 appellant,

170 1380 231 1434 ut
269 1372 486 1434 hahere
535 1373 794 1453 divitias,
846 1391 1059 1453 capere
1104 1372 1393 1455 honoreS‚
1448 1373 1775 1452 indigentia
1830 1390 2038 1434 rerum
2093 1375 2363 1453 ipsarum
2416 1375 2513 1454 sit,

169 1469 231 1522 ut
269 1461 594 1545 honorum,
637 1471 706 1523 ut
750 1464 1057 1542 pecuniae.
1151 1461 1431 1524 Omnium
1479 1469 1676 1523 autem
1723 1461 2245 1541 perturbationum
2285 1462 2511 1523 fontem
2533 1472 2602 1522 22

171 1567 288 1611 osse
332 1550 544 1613 dicunt
595 1553 1146 1633 intemperantiam,
1198 1569 1348 1630 quae
1406 1559 1499 1612 est
1553 1568 1588 1611 a
1643 1558 1766 1611 tota
1820 1559 2021 1612 mente
2080 1549 2143 1628 [a
2198 1559 2364 1614 recta
2418 1568 2512 1611 ra·

170 1638 341 1717 tione]
388 1640 649 1702 defectio
697 1642 783 1702 sic
830 1657 1037 1702 aversa
1083 1658 1117 1701 a
1161 1641 1635 1719 praescriptione
1681 1641 1931 1701 rationis
1938 1688 1956 1720 ,
2012 1647 2082 1700 ut
2126 1639 2291 1700 nullo
2339 1640 2514 1700 modo

172 1726 549 1807 adpetitiones
586 1731 768 1790 animi
805 1748 919 1791 nec
954 1732 1085 1808 regi
1122 1747 1235 1791 nec
1273 1731 1571 1791 contineri
1608 1737 1845 1807 queant.
1929 1728 2120 1800 Quem
2159 1728 2233 1791 ad
2270 1729 2513 1789 modum

171 1816 337 1894 igitur
380 1821 779 1899 temperantia
825 1818 993 1879 sedat
1031 1819 1427 1898 adpetitiones
1476 1826 1537 1878 et
1583 1818 1768 1878 efficit
1804 1825 1872 1878 ut
1915 1836 2020 1879 eae
2056 1825 2272 1889 rectae
2294 1819 2515 1878 rationi

170 1916 397 1984 pareant
445 1915 881 1987 conservatque
929 1906 1302 1968 considerata
1358 1907 1578 1968 iudicia
1633 1909 1853 1967 mentis
1862 1955 1879 1987 ‚
1936 1908 2023 1967 sic
2079 1905 2221 1968 huic
2274 1908 2514 1967 inimica

172 1995 611 2077 intemperantia
663 2014 901 2058 omnem
958 1997 1139 2056 animi
1195 2003 1416 2058 statum
1472 1995 1821 2075 inflammat,
1879 1994 2222 2076 conturbat,
2278 1997 2514 2076 incitat3

236 2351 314 2400 21.
350 2347 475 2402 ira:
523 2345 685 2416 Diog.
725 2345 831 2400 VII
870 2352 973 2400 113
1009 2298 1160 2415 ,doymi
1214 2345 1279 2401 δὲ

174 2410 439 2501 {Munius
495 2422 769 2487 τιμωρίας
816 2418 920 2472 τοῦ
971 2418 1282 2481 δοκοῦντος

172 2487 493 2557 ηᾶικηιιέναι
530 2484 599 2544 οὗ
637 2484 1045 2560 προςηκόντως.

233 2571 501 2648 θόμωσις.
590 2577 656 2631 Ιιι
728 2593 966 2633 unseren
1038 2576 1281 2648 griechi-

176 2647 336 2717 schen
376 2647 617 2715 Qnellen
674 2649 830 2704 steht
884 2649 1027 2703 stati:
1080 2649 1283 2704 dessen

173 2714 369 2788 θυμὸς,
419 2737 541 2776 was
593 2720 677 2776 als
731 2716 871 2791 ὀργὴ
919 2715 1281 2791 ἄναρχομένη

174 2788 417 2846 definiert
450 2791 611 2846 wird.

229 2862 437 2917 odium:
475 2862 723 2918 Andron.
752 2861 937 2917 Rhod.
967 2861 1004 2916 1.
1036 2879 1082 2918 o.
1114 2861 1283 2932 μῆνις

173 2923 299 3002 ὀργὴ
337 2931 418 2997 εἰς
452 2936 773 2989 παλαίωσιν
812 2927 1223 3004 ἀποτιθεμένη.

234 3021 557 3089 ὑιὶηιιῖοίὺἰα,
591 3019 760 3085 κότος
797 3021 863 3077 δὲ
901 3016 1039 3091 ὀργὴ
1079 3019 1318 3092 καιρὸν,

172 3082 542 3163 ἄποτηροῦσα.

235 3181 558 3252 ιἠᾱκίρωιιία.
613 3180 779 3250 Diog.
808 3181 847 3237 1.
875 3181 915 3235 1.
949 3187 1051 3237 113
1081 3177 1286 3244 σπάνις

177 3243 443 3324 ἐπιθυμία
481 3272 566 3316 τις
603 3249 665 3308 ἐν
695 3249 1002 3319 ἀποτεύξει
1030 3252 1129 3308 καὶ
1161 3251 1285 3307 οἷον

173 3322 544 3395 κεχωρισμένη
585 3318 649 3378 ἐκ
677 3324 778 3380 τοῦ
809 3343 851 3378 π
886 3319 1155 3395 άγματος,
1196 3343 1285 3379 τε·

172 3393 374 3464 ταμένη
429 3393 496 3451 δὲ
535 3395 806 3465 διακενῆς
883 3391 949 3449 π’
998 3391 1141 3450 αὐτὸ
1189 3395 1289 3470 καὶ

176 3465 445 3536 σπωμένη.

232 3537 582 3594 desiderium:
629 3537 877 3593 Andron.
915 3537 1097 3593 Rhod.
1146 3539 1185 3592 1.
1234 3555 1282 3592 c.

170 3605 349 3694 ζμερος
386 3607 452 3664 δὲ
491 3605 774 3679 ἐπιθυμία
812 3611 983 3678 φίλον
1031 3603 1285 3671 ἀπόντος

169 3681 396 3744 ομιλίας.
427 3712 495 3721 -
523 3680 687 3735 Auch
722 3680 846 3735 hier
882 3681 987 3735 hat
1013 3680 1107 3735 die
1135 3679 1281 3751 grie·

171 3748 384 3807 chische
423 3750 622 3818 Quelle
670 3750 783 3808 Cic.
833 3750 1126 3820 vermittit,
1175 3749 1286 3805 den

170 3817 263 3874 lat„
312 3823 610 3878 Ausdmok
662 3841 732 3877 zu
787 3839 900 3893 eng·
953 3840 1021 3876 zu
1073 3821 1281 3889 fassen,

174 3888 316 3947 denn
351 3895 680 3950 desiderium
732 3893 1063 3949 bezeichnet
1118 3894 1283 3948 iiber-

172 3960 346 4034 hanpt
392 3965 484 4020 die
531 3965 852 4021 Sehnsucht
903 3966 1053 4020 nach
1107 3967 1284 4019 etwas

176 4030 260 4087 fiir
303 4052 407 4090 uns
453 4037 830 4104 wertvollem‚
882 4037 985 4092 das
1035 4034 1139 4090 wir
1188 4036 1286 4090 be·

175 4102 354 4237 flgtsggn
407 4108 522 4162 und
584 4126 701 4163 nun
764 4107 923 4163 nicht
975 4108 1136 4161 mehr
1189 4106 1285 4162 be·

178 4189 226 4228 si
308 4194 363 4231 n.

242 4246 611 4318 Distinqwmtt

179 4312 266 4372 Sie
292 4319 494 4376 stenen
520 4322 666 4377 auch
694 4322 786 4377 die
800 4320 1287 4392 Unterseheidnng

646 4251 793 4306 illud
833 4251 1024 4317 etiam,
1069 4254 1134 4304 ut
1178 4250 1282 4305 cet.
1339 4261 1344 4266 ’

1388 2184 1513 2252 auf,
1565 2182 1687 2239 dass
1738 2183 1860 2237 sich
1909 2184 2082 2239 libido
2118 2183 2220 2238 auf
2250 2183 2342 2238 die
2378 2183 2515 2238 Prs-

1390 2255 1610 2322 dikate,
1663 2255 1976 2323 indiyentia
2031 2255 2134 2309 auf
2182 2253 2274 2308 die
2330 2253 2514 2324 Dinge

1389 2344 1464 2382 an
1501 2326 1622 2382 sich
1663 2327 1903 2381 bezieht.
1974 2327 2111 2382 Man
2165 2327 2346 2382 strebt
2397 2324 2515 2380 und

1389 2397 1652 2468 verlangt
1713 2398 1861 2453 nach
1927 2397 2056 2454 dem
2120 2397 2352 2453 Besitz
2415 2396 2514 2451 des

1390 2469 1743 2552 Reichtums,
1808 2469 1955 2524 nach
2019 2470 2150 2524 dem
2213 2469 2515 2533 Gesund·

1389 2540 2516 2669 {iinfiedffiffssnafiossffiuffssffl

1388 2685 1513 2738 tum
1548 2683 1741 2737 selbst.
1813 2682 1881 2736 In
1918 2682 2103 2738 dieser
2138 2682 2375 2737 zweiten
2400 2682 2516 2737 Un-

1389 2753 1792 2823 terscheidung
1836 2754 1982 2821 also,
2037 2770 2126 2809 wo
2174 2753 2297 2807 sich
2343 2753 2515 2808 libido

1389 2824 1505 2880 und
1541 2826 1856 2894 &inligentia
1896 2824 1997 2880 wie
2035 2825 2359 2893 Vei-langen
2398 2824 2515 2879 und

1389 2894 1688 2951 Bediirfnis
1717 2896 2227 2966 entgegenstehen‚
2262 2896 2341 2950 ist
2365 2895 2515 2951 indi-

1387 2968 1578 3038 ymtia
1629 2967 1797 3022 keine
1847 2966 2118 3023 Unherart
2170 2968 2270 3022 der
2324 2967 2516 3034 ῖιίὂίᾱο,

1392 3037 1632 3095 sondern
1684 3039 1838 3094 steht
1898 3040 1959 3094 in
2013 3039 2196 3095 seiner
2249 3038 2517 3108 gewbhn-

1390 3111 1581 3165 lichen
1616 3109 1967 3180 Bedeut-ung.
2043 3110 2098 3167 S.
2138 3129 2184 3164 z.
2226 3116 2274 3176 7,
2314 3115 2398 3164 16.

1465 3187 1552 3236 22.
1590 3182 2087 3251 intemperoentiam.
2129 3181 2236 3235 Die
2255 3179 2516 3248 Aufgabe

1392 3252 1493 3308 der
1528 3254 1892 3322 temperantia
1936 3253 2035 3319 ist,
2082 3251 2173 3306 die
2211 3250 2415 3306 Triebe
2456 3250 2535 3304 in.

1395 3323 1709 3379 Gehorsam
1758 3340 1943 3395 gegen
1991 3323 2082 3378 die
2120 3321 2399 3377 Vernunft
2449 3339 2517 3375 zu

1397 3396 1668 3450 erhalten.
1745 3394 1900 3450 Stob.
1940 3394 2043 3449 ecl.
2080 3394 2134 3446 H
2164 3411 2224 3481 p.
2267 3398 2370 3447 112
2416 3394 2518 3461 τῆς

1395 3461 1764 3535 σωφροσύνης
1819 3466 1971 3521 ἴδιον
2025 3461 2347 3533 κεφαλαιόν
2399 3459 2518 3518 ἔστι

1390 3532 1455 3591 τὸ
1508 3535 1865 3606 παρέχεσθαι
1919 3532 2024 3599 τὰς
2079 3531 2261 3607 ὁρμὰς
2317 3530 2518 3590 εὐστα-

1389 3611 1524 3670 θεῖς
1573 3607 1672 3662 καὶ
1715 3610 1964 3677 θεωρεῖν
2011 3602 2191 3671 αὐτὰς
2235 3625 2519 3676 προηγου-

1392 3676 2155 3821 &trajan-etta}
2194 3679 2515 3820 Ῑᾶξίιέἓῖ

1391 3821 1471 3875 ist
1497 3820 1597 3875 der
1624 3793 2178 3893 entgegengesetzte’‚
2209 3822 2361 3877 allen
2387 3790 2516 3876 Lei-⁹

1394 3892 1758 3947 denschaften
1831 3913 1899 3948 zu
1966 3892 2190 3949 Grande
2253 3891 2516 3963 liegende
2556 3950 2568 3967 .·

1392 3962 1639 4018 Zustand
1677 3963 1775 4020 der
1812 3965 1992 4021 Seele.

1464 4036 1813 4093 considerata
1871 4038 2089 4092 iudicia
2150 4036 2371 4090 mentis.-
2436 4035 2517 4091 sie

1393 4106 1594 4162 stehen
1633 4108 1743 4162 den
1780 4107 1883 4162 auf
1912 4107 2066 4163 einer
2110 4107 2384 4163 imbecilla
2428 4123 2516 4165 as-

1390 4179 1571 4234 sensio
1616 4178 1979 4234 bernhenden
2013 4178 2270 4235 Urteilen
2308 4182 2382 4249 (7,
2423 4180 2514 4247 14)

1393 4251 1700 4320 entgegen‚
1765 4250 1977 4306 welche
2042 4249 2134 4305 die
2191 4249 2516 4320 Grundlage

1395 4321 1494 4376 der
1529 4319 1999 4377 Leidenschaften
2034 4320 2246 4382 bilden.
