2902 4649
504 174 1109 233 TUSCULANARUM
1144 174 1770 234 DISPUTATIONUM.
1808 175 1877 231 V.
1915 182 2145 233 54-58.
2383 174 2513 243 125

143 344 644 426 communicavit,
685 361 873 424 paene
922 343 1109 407 altero
1155 343 1354 404 Laelio
1408 376 1485 386 —
1537 361 1674 403 nam
1718 342 1881 404 hunc
1933 342 2019 404 illi
2074 341 2229 405 duco
2287 342 2512 404 similli-

152 452 321 496 mum
374 464 482 514 —,
531 451 606 494 an
652 449 790 494 cum
849 432 1007 495 civili
1060 431 1217 495 bello
1271 434 1464 493 victor
1517 422 1708 493 iratus
1764 433 2119 493 necessariis
2167 431 2360 493 Catuli
2415 431 2514 493 de-

151 520 541 604 precantibus
588 539 709 583 non
755 521 942 582 semel
994 521 1332 603 respondit,
1393 520 1499 582 sed
1556 538 1761 600 saepe,
1807 515 2186 582 ‘Moriatur‘P'
2277 520 2346 581 In
2394 539 2513 602 quo

153 610 388 673 beatior
432 609 557 691 ille,
606 611 710 691 qui
754 609 895 672 huic
943 611 1202 672 nefariae
1251 611 1381 671 voci
1428 611 1656 690 paruit,
1712 627 1891 688 quam
1936 611 2016 690 is,
2071 611 2174 688 qui
2221 616 2342 670 tam
2388 627 2515 671 sce·

152 699 342 762 lerate
398 701 769 780 imperavit·
819 697 968 760 Nam
1024 717 1162 760 cum
1218 700 1490 779 accipere
1547 715 1725 777 quam
1791 698 1988 759 facere
2043 704 2308 777 praestat
2360 699 2514 759 iniu-

153 791 336 869 riam,
389 795 522 849 tum
578 788 759 849 morti
803 789 920 848 iam
982 790 1099 868 ipsi
1164 785 1505 849 adventanti
1567 786 1807 867 paulum
1873 785 2201 867 procedere
2266 784 2516 867 obviam,

155 876 323 957 quod
370 877 515 938 fecit
552 876 826 958 CatuluS,
871 893 1050 956 quam
1098 875 1258 956 quod
1295 875 1545 955 MariuS,
1592 875 1727 936 talis
1766 877 1880 935 viri
1924 876 2174 936 interitu
2221 893 2326 935 sex
2374 891 2516 935 suos

147 964 415 1027 obruere
463 964 808 1027 consulatus
854 972 916 1026 et
961 966 1364 1027 contaminare
1411 972 1746 1025 extremum
1792 971 2031 1043 tempus
2077 965 2303 1024 aetatis,
2536 1014 2624 1080 20

336 1053 466 1115 Duo
513 1053 587 1114 de
636 1053 1024 1134 quadraginta
1070 1071 1257 1115 annos
1308 1062 1598 1133 tyrannus
1646 1052 2156 1131 Syracusanorum
2212 1052 2326 1113 fuit
2381 1050 2514 1112 Dio·
2535 1094 2603 1142 57

151 1144 366 1224 nysius
376 1191 395 1224 ,
460 1160 595 1203 cum
653 1144 917 1222 quinque
979 1151 1048 1204 'et
1101 1144 1310 1222 viginti
1363 1148 1541 1204 natus
1597 1158 1783 1202 annos
1839 1140 2206 1202 dominatum
2252 1158 2514 1224 ‚occupa-

154 1234 357 1293 visset.
452 1231 580 1303 Qua
625 1230 1071 1310 pulchritudine
1119 1230 1356 1312 urbem,
1415 1230 1635 1311 quibus
1682 1237 1881 1290 autem
1928 1228 2143 1309 opibus
2190 1228 2517 1309 praeditam

156 1322 450 1381 servitute
515 1337 859 1400 oppressam
933 1322 1129 1382 tenuit
1192 1317 1517 1381 civitatem!
1609 1318 1788 1398 Atqui
1853 1317 1928 1378 de
1990 1317 2107 1379 hoc
2177 1317 2418 1380 homine
2484 1334 2519 1377 a

152 1407 333 1470 bonis
391 1407 737 1470 auctoribus
795 1410 881 1470 sic
938 1411 1227 1489 scriptum
1284 1410 1624 1488 accepimus
1680 1424 1971 1467 summam
2028 1407 2213 1468 fuisse
2269 1409 2401 1468 eius
2453 1407 2519 1466 in

154 1500 323 1559 victu
370 1491 851 1578 temperantiam,
906 1498 970 1558 in
1027 1495 1330 1577 rebusque
1387 1495 1673 1577 gerundis
1730 1498 1924 1556 virum
1980 1513 2178 1556 acrem
2233 1502 2296 1555 et
2349 1494 2521 1556 indu-

156 1587 408 1666 strium,
473 1584 731 1646 eundem
785 1593 985 1646 tamen
1049 1584 1383 1647 maleficum
1447 1594 1659 1645 natura
1726 1593 1788 1646 et
1848 1585 2157 1644 iniustum.
2248 1583 2337 1644 Ex
2401 1601 2521 1664 quo

153 1673 440 1735 omnibus
486 1673 639 1735 bene
677 1675 989 1736 veritatem
1025 1674 1399 1735 intuentibus
1435 1673 1626 1733 videri
1675 1689 1921 1733 necesse
1961 1679 2054 1732 est
2090 1673 2520 1753 miserrimum3

157 1781 230 1824 ea
277 1764 438 1824 enim
484 1764 639 1843 ipsa,
687 1780 838 1844 quae
894 1765 1304 1844 concupierat,
1363 1780 1438 1823 ne
1493 1769 1624 1822 tum
1681 1760 1950 1841 quidem,
2007 1778 2145 1822 cum
2201 1762 2399 1821 omnia
2455 1778 2519 1820 se

156 1870 339 1933 posse
396 1850 704 1931 censebat,
762 1850 1259 1931 consequebatur.
1353 1850 1469 1921 Qui
1525 1867 1664 1910 cum
1721 1857 1882 1911 esset
1934 1849 2107 1910 bonis
2171 1847 2520 1929 parentibus
2540 1866 2608 1918 58

158 1949 341 2020 atque
387 1939 641 2001 honesto
689 1939 821 2002 loco
870 1945 1044 2001 natus
1053 1987 1071 2020 ,
1118 1941 1234 2001 etsi
1280 1938 1340 1999 id
1388 1938 1631 2018 quidem
1678 1938 1828 1999 alius
1875 1936 1988 1999 alio
2035 1937 2212 1999 modo
2259 1936 2521 2018 tradidit,

159 2027 614 2108 abundaretque
663 2036 724 2089 et
771 2027 1107 2107 aequalium
1153 2026 1653 2089 familiaritatibus
1700 2036 1760 2087 et
1807 2026 2239 2088 consuetudine
2279 2027 2520 2106 propin·

159 2133 448 2197 quorum,
494 2115 745 2178 haberet
790 2118 969 2178 etiam
1014 2134 1180 2177 more
1219 2115 1501 2177 Graeciae
1541 2115 1828 2195 quosdam
1866 2114 2280 2176 adulescentes
2318 2131 2519 2175 amore

157 2207 516 2268 coniunctos
525 2252 543 2285 ,
591 2204 872 2267 credebat
909 2224 1115 2268 eorum
1155 2207 1405 2286 nemini,
1455 2203 1560 2264 sed
1605 2206 1706 2285 iis,
1755 2220 1907 2282 quos
1954 2222 2028 2263 ex
2072 2202 2312 2264 familiis
2357 2201 2519 2264 locu·

156 2292 412 2375 pletium
458 2311 663 2355 servos
710 2293 1036 2376 delegerat,
1094 2292 1311 2373 quibus
1359 2311 1578 2355 nomen
1626 2293 1930 2354 servitutis
1986 2293 2115 2372 ipse
2163 2291 2519 2370 detraxerat,

159 2390 224 2446 et
270 2382 629 2463 quibusdam
675 2385 956 2445 convenis
1003 2390 1063 2444 et
1119 2382 1263 2443 seris
1317 2381 1586 2443 barbaris
1642 2383 1912 2460 corporis
1968 2379 2301 2442 custodiam
2361 2398 2518 2441 com·

158 2470 455 2534 mittebat.
546 2471 632 2533 lta
678 2479 925 2552 propter
973 2472 1258 2533 iniustam
1294 2470 1634 2533 dominatus
1672 2468 2060 2550 cupiditatem
2105 2471 2167 2529 in
2216 2485 2519 2530 carcerem

157 2714 625 2865 luspazzifihzlatgo
638 2711 1287 2866 pssffiezrggraeogvgassg:

162 2854 403 2910 denheit
435 2854 552 2908 und
577 2852 728 2909 seme
755 2853 1002 2924 Bildung
1028 2870 1145 2909 aus.
1210 2853 1289 2906 Er

158 2925 391 2980 schtieb
435 2924 744 2980 Memoiren
787 2924 928 2979 fiber
973 2924 1093 2979 sein
1138 2925 1286 2979 Kon-

1468 2711 1609 2782 Kgp.
1647 2710 1747 2765 20.
1821 2715 1909 2765 5⁷.
1956 2708 2296 2779 Dionysius,
2348 2708 2517 2762 naml.

1395 2783 1495 2837 der
1513 2781 1722 2850 Altero,
1750 2781 1850 2835 der
1875 2796 1987 2835 von
2007 2784 2290 2835 405—367
2314 2795 2365 2835 v.
2389 2776 2518 2834 Chr.

1393 2852 1701 2908 hen-sohte.

1468 2924 1669 2993 quibus
1704 2926 1910 2989 autem,
1950 2938 1994 2975 ει.
2032 2939 2078 2975 z.
2118 2920 2195 2974 IV
2234 2926 2294 2989 2,
2333 2924 2383 2975 5.

161 2996 320 3052 salat
354 2995 473 3050 und
506 2995 802 3051 versuchte
832 2995 954 3049 sich
979 2995 1039 3049 in
1056 2994 1286 3050 Versen.

161 3068 323 3122 Brut.
391 3072 487 3136 35,
554 3072 673 3123 132.
750 3066 1087 3133 Mommsen,
1124 3066 1286 3120 Rom.

166 3137 491 3277 Geggtlxlipelrle
506 3141 899 3296 zuatavam&
921 3207 1102 3298 ”Plan
1121 3206 1292 3293 qug.

161 3284 382 3438 fia-5⁶35
403 3278 801 3437 {afissssassff
816 3297 1017 3435 2233,ss
1042 3280 1133 3403 ’ΞΖ
1157 3279 1294 3432 ,ῗὲἷῖ

168 3425 275 3476 λον
325 3422 746 3504 αδικεῖσθαιηη
777 3421 1037 3507 μολπαῖς.
1122 3420 1293 3505 Arist:

163 3491 302 3633 ἷῗέῗ·
316 3491 549 3616 εἶαῖέοῗ
584 3492 1191 3628 ἷῗᾶἕκῖεῗῗέἴὲξῖῗ,
1228 3508 1293 3615 ΞΞ

163 3630 233 3688 δὲ
303 3634 498 3703 μεῖζον
561 3628 632 3686 τὸ
694 3627 934 3687 ἀδικεῖν.
1024 3631 1293 3686 Derselbe

167 3702 446 3786 Godanke
474 3702 651 3757 findet
678 3703 802 3757 sich
828 3702 936 3758 seit
952 3701 1116 3757 Plato
1146 3701 1295 3757 oster

162 3773 412 3928 bfflquffledn
442 3772 872 3928 ‚gffifbaadm
949 3843 1060 3926 Da·
1080 3843 1290 3899 Marius

163 3916 334 3971 mcht
369 3932 436 3969 zu
473 3915 721 3971 erbitten
758 3932 890 3985 war,
929 3915 1193 3970 erstlckte
1231 3932 1293 3970 er

164 3986 292 4043 sich
329 3987 506 4042 solbat
541 3985 717 4042 durch
753 3985 1217 4055 Kohlendampfe.

240 4073 608 4184 ἓοωΙέἑιοῗῶ-(ὶ
624 4059 968 4124 consulatus,
1004 4057 1084 4112 im
1109 4057 1158 4112 J.
1189 4063 1288 4112 107

166 4146 540 4256 mextremum
573 4170 798 4269 tempus.
871 4198 958 4254 Im
992 4199 1042 4253 J.
1072 4204 1140 4253 86
1176 4199 1293 4252 trat

168 4269 384 4327 Marius
422 4270 544 4325 sein
579 4270 857 4325 siebentes
889 4270 1165 4324 Konsulat
1201 4286 1291 4336 an,

170 4342 329 4396 starb
368 4341 503 4397 aber
537 4341 710 4397 sehon
745 4341 893 4397 nach
933 4347 997 4397 17
1035 4341 1242 4412 Tagen.

1467 3010 1733 3049 summam
1768 2993 1941 3059 fuisse
1975 2992 2108 3047 eius.
2183 2990 2345 3048 Corn.
2375 2989 2518 3060 Nep.

1395 3065 1467 3120 de
1504 3082 1619 3134 reg.
1657 3070 1690 3118 2
1738 3064 1891 3118 Nam
1940 3068 1992 3118 et
2041 3080 2214 3118 manu
2259 3063 2422 3129 fortia
2471 3066 2522 3117 et

1401 3136 1529 3191 belli
1555 3137 1774 3206 pen‘tua
1806 3135 1924 3202 fuit
1957 3141 2032 3201 et,
2060 3134 2122 3189 id
2156 3134 2303 3204 quod
2337 3134 2402 3187 in
2437 3137 2520 3204 isy-

1399 3223 1583 3261 ranno
1618 3222 1732 3261 non
1764 3206 1931 3273 facile
1964 3206 2262 3274 reperitur,
2299 3204 2521 3258 minime

1402 3278 1758 3343 lubidinosa-s,
1819 3292 1936 3332 non
1995 3276 2344 3341 luoeuoeiosua,
2407 3289 2522 3329 ‘non

1402 3364 1636 3414 acarna,
1670 3348 1884 3403 nullius
1910 3346 2141 3415 denique
2165 3346 2250 3401 rei
2283 3345 2522 3414 cupidus

1401 3420 1517 3474 nisi
1556 3419 1863 3490 sinyularia
1898 3418 2257 3487 perpetuique
2299 3416 2522 3486 imperii

1402 3491 1469 3545 ob
1507 3505 1725 3559 eamque
1758 3505 1871 3544 rem
1905 3489 2156 3543 erudelis,

1475 3561 1604 3615 bene
1641 3590 1709 3599 -
1755 3560 2124 3624 intuentibus,
2179 3558 2233 3613 d.
2290 3557 2326 3612 i.
2382 3561 2522 3613 recte

1401 3631 1503 3686 int.
1515 3651 1536 3696 ;
1574 3647 1617 3685 s.
1655 3631 1783 3685 bene
1818 3629 2190 3685 iudicantium
2226 3628 2307 3682 III
2335 3633 2366 3681 2
2432 3633 2482 3684 3.

1476 3706 1560 3758 58.
1599 3702 1699 3756 etsi
1733 3701 1797 3756 id
1822 3700 2040 3785 quidem
2067 3701 2173 3757 cet.
2247 3698 2349 3753 Bei
2376 3670 2522 3781 lffho-

1400 3772 1514 3827 tius
1549 3789 1604 3842 p.
1635 3777 1739 3826 866
1776 3772 1918 3826 wird
1959 3788 2020 3827 er
2055 3771 2156 3827 der
2184 3770 2337 3825 Sohn
2369 3785 2521 3824 emes

1399 3841 1769 3898 Eseltreibers
1806 3843 2081 3913 gemtum,
2128 3842 2273 3896 nach
2307 3838 2522 3895 Diodor

1399 3913 1530 3968 XIII
1567 3920 1636 3970 96
1673 3930 1791 3969 war
1826 3931 1890 3969 er
1912 3913 2100 3984 „selbst
2125 3909 2521 3981 ursprfinglioh
2576 3945 2582 3950 ·

1398 3986 1493 4051 ein
1529 3983 1838 4041 Sohreiber.

1471 4072 1538 4111 eoe
1565 4057 1827 4124 familiis,
1856 4072 1956 4111 aus
1985 4053 2084 4109 der
2111 4051 2520 4108 Dienerschaft.

1471 4128 1810 4184 detraxerat.-
1865 4125 1978 4196 vgl.
2035 4123 2260 4179 Diodor.
2318 4122 2450 4178 XIV
2489 4129 2519 4177 7

1400 4196 1831 4272 συμπεριλαβών
1867 4198 1944 4268 τῷ
1972 4196 2089 4250 τῶν
2117 4195 2357 4251 πολιτῶν
2386 4189 2517 4250 ὄνό-

1400 4289 1535 4339 ματι
1562 4266 1696 4332 τοὺς
1723 4263 2228 4339 ἠλευθερωμένους
2265 4262 2519 4336 δούλους,

1400 4333 1501 4403 οὓς
1537 4336 1727 4395 ἐκάλει
1763 4340 2192 4402 νεοπολίτας.
