2902 4649
322 148 454 216 136
1103 150 1178 205 Μ.
1218 148 1464 206 TULLII
1501 147 1886 206 CICERONIS

318 316 463 379 huic
517 316 685 379 beata
742 319 1027 398 sapientis
1081 325 1144 378 et
1198 319 1526 378 constantis
1581 316 1692 377 viri
1749 317 1865 376 vita
1926 310 2141 377 cedet?
2229 313 2420 385 Quam
2480 323 2684 400 turpe,

322 425 360 467 o
414 405 475 467 di
515 404 694 468 'bonil
786 406 970 468 Pueri
1032 407 1360 488 Spartiatae
1424 423 1545 466 non
1609 407 2025 484 ingemescunt
2087 402 2404 468 verberum
2469 404 2687 470 dolore

321 494 552 576 laniati3
611 494 1084 558 adulescentium
1129 513 1341 576 greges
1386 493 1833 556 Lacedaemone
1880 492 2135 556 vidimus
2181 495 2297 573 ipsi
2341 493 2691 557 incredibili„

324 587 706 647 contentione
735 592 1064 650 ‚certantes
1117 587 1361 665 pugniS,
1416 582 1706 664 calcibus,
1761 582 2090 665 unguibus,
2145 600 2352 643 morsu
2398 581 2688 666 denique,

323 691 463 736 cum
517 676 999 736 exanimarentur
1053 676 1249 755 priua,
1309 691 1486 752 quam
1532 674 1723 734 victos
1779 691 1844 734 se
1891 672 2239 734 faterentur.
2331 669 2494 741 Quae
2540 671 2678 734 bar-

322 761 489 823 baria
534 761 698 824 India
744 765 964 824 vastior
1010 770 1113 825 aut
1158 758 1495 842 agrestior?
1584 760 1653 822 In
1709 779 1779 822 ea
1823 770 2022 824 tamen
2068 768 2245 840 gente
2293 762 2551 840 primum
2602 764 2686 842 ei,

324 853 430 931 qui
475 854 774 932 sapientes
818 851 1143 933 habentur,
1198 852 1344 913 nudi
1398 858 1653 914 aetatem
1708 859 1894 929 agunt
1939 858 1999 911 et
2046 849 2296 911 Caucasi
2340 851 2508 910 nives
2552 850 2685 912 hie-—

325 939 657 1020 malemque
705 943 822 1001 vim
868 942 1182 1021 perferunt
1228 943 1356 1002 sine
1404 939 1636 1020 dolore,
1697 957 1954 1019 cumque
2000 939 2073 1000 ad
2119 938 2418 1002 flammam
2463 958 2529 1000 se
2575 938 2680 1000 ad-

237 1037 306 1091 78
326 1029 724 1112 plicaverunt,
770 1032 898 1091 sine
946 1031 1171 1110 gemitu
1216 1029 1570 1095 aduruntur.
1661 1028 1943 1090 Mulieres
1987 1046 2130 1089 vero
2177 1029 2240 1089 in
2286 1026 2450 1092 India
2460 1074 2478 1109 ,
2537 1046 2680 1091 cum

326 1127 421 1180 est
475 1120 809 1180 communis
865 1137 1069 1181 earum
1124 1120 1214 1179 vir
1272 1126 1574 1199 mortuuS,
1633 1119 1697 1182 in
1758 1125 2061 1179 certamen
2117 1116 2527 1197 iudiciumque
2581 1135 2688 1178 ve·

325 1210 518 1289 niunt,
564 1225 742 1288 quam
787 1208 1110 1288 plurimum
1156 1207 1256 1269 ille
1302 1207 1583 1269 dilexerit
1621 1238 1697 1251 --
1738 1205 1945 1286 plures
1991 1208 2151 1268 enim
2196 1204 2446 1284 singulis
2484 1205 2686 1267 solent

327 1315 459 1359 esse
520 1305 741 1377 nuptae
799 1316 911 1358 -ε
972 1314 1122 1376 quae
1190 1305 1283 1358 est
1335 1298 1575 1377 victrix,
1636 1313 1706 1357 ea
1769 1295 1921 1357 laeta
1983 1293 2487 1375 prosequentibus
2551 1296 2691 1356 suis

325 1404 445 1447 uua
509 1404 647 1446 cum
712 1387 838 1446 viro
911 1387 974 1446 in
1046 1402 1260 1465 rogum
1331 1387 1668 1467 inponitur,
1740 1384 1839 1445 illa
1901 1385 2055 1447 victa
2084 1442 2088 1444 Δ
2120 1389 2344 1444 maesta
2407 1383 2687 1445 discedit.

323 1474 662 1553 Numquam
709 1482 982 1535 naturam
1028 1493 1157 1535 mos
1203 1476 1496 1555 vinceret3
1544 1481 1637 1536 est
1682 1475 1841 1534 enim
1887 1489 1955 1554 ea
2003 1490 2241 1551 semper
2278 1473 2522 1553 invicta;
2571 1471 2689 1533 sed

324 1581 436 1624 nos
482 1561 711 1624 umbris
758 1563 1015 1644 deliciiS,
1070 1565 1192 1625 otio
1239 1563 1524 1643 languore
1571 1561 1795 1624 desidia
1843 1564 2104 1625 animum
2150 1561 2498 1642 infecimuS,
2554 1562 2686 1641 opi-

325 1650 607 1713 nionibus
652 1651 925 1731 maloque
972 1670 1138 1714 more
1185 1651 1514 1715 delenitum
1551 1650 1924 1713 mollivimus.
1989 1651 2414 1730 Aegyptiorum
2451 1667 2692 1710 morem-

327 1742 463 1820 quis
507 1737 785 1820 ignorat?
845 1759 1103 1820 quorum
1160 1740 1403 1802 inbutae
1462 1749 1695 1803 mentes
1749 1742 2057 1819 pravitatis
2112 1738 2423 1800 erroribus
2479 1756 2689 1819 quam-

327 1831 417 1891 vis
465 1829 869 1891 carnificinam
921 1830 1091 1908 prius
1148 1828 1444 1890 subierint
1500 1847 1679 1909 quam
1733 1827 1879 1889 ibim
1936 1837 2038 1890 aut
2091 1827 2358 1907 aspidem
2415 1835 2520 1890 aut
2563 1828 2691 1890 fae-

325 1917 444 1979 lem
499 1925 603 1979 aut
655 1934 864 1979 canem
918 1925 1022 1978 aut
1077 1917 1443 1980 crocodilum
1495 1916 1746 1998 violent,
1811 1935 2066 1996 quorum
2134 1918 2315 1978 etiam
2371 1917 2424 1976 si
2476 1918 2691 1996 inpru-

328 2007 539 2069 dentes
586 2007 890 2086 quippiam
935 2006 1206 2087 fecerint,
1250 2024 1507 2087 poenam
1551 2005 1774 2068 nullam
1821 2013 2118 2070 recusent.
2209 2003 2316 2067 De.
2340 2003 2693 2067 hominibus

1558 2195 1780 2249 Frauen
1814 2195 2177 2250 voraussetzt.
2251 2195 2384 2249 Man
2424 2194 2528 2248 hat
2562 2194 2689 2249 des-

1559 2265 1696 2321 halb
1744 2267 2049 2333 vermutet,
2099 2282 2158 2320 es
2205 2265 2287 2319 sei
2336 2266 2504 2321 turba
2537 2266 2695 2322 victa

1561 2336 1698 2394 oder
1731 2339 1863 2393 illae
1897 2339 2072 2393 vietae
2106 2356 2175 2393 zu
2212 2337 2521 2393 schreiben.

1631 2409 1952 2478 Numquam
1989 2411 2095 2464 cet.
2151 2407 2343 2463 Damit
2377 2408 2518 2463 wird
2554 2408 2693 2464 dem

1559 2426 1870 2535 Einwande
1897 2480 2194 2550 begegnet,
2232 2478 2353 2534 dass
2372 2478 2473 2534 das
2491 2479 2694 2534 Ertra·

403 2201 486 2250 77.
561 2194 1010 2249 Adulescentiam
1070 2211 1285 2265 yreyes:
1357 2194 1449 2250 die

331 2264 759 2355 spartanischen
803 2263 1109 2338 Jiinglinge
1154 2282 1341 2321 waren
1390 2264 1454 2321 in

328 2357 403 2407 ay
406 2336 531 2392 ἐλαι
576 2336 712 2392 oder
747 2338 920 2405 βοῢαι
965 2338 1284 2408 eingeteilt,
1334 2355 1451 2394 was

328 2408 448 2464 sich
491 2407 579 2462 bis
622 2407 683 2462 in
736 2407 828 2463 die
877 2408 1157 2464 romische
1200 2409 1322 2465 Zeit
1368 2427 1453 2465 er-

328 2479 525 2535 halten
562 2497 630 2533 zu
665 2478 852 2535 haben
889 2478 1127 2535 scheint.

399 2551 640 2606 vidimus
683 2551 824 2620 ipsi,
873 2551 1158 2607 entweder
1204 2551 1297 2607 bei
1342 2550 1453 2606 sei-

329 2637 461 2676 nem
523 2621 862 2677 Aufenthalt
920 2622 982 2676 in
1040 2620 1454 2678 Griechenland

333 2697 542 2747 79—77
581 2695 642 2761 (s.
672 2691 752 2747 III
788 2698 876 2761 22,
906 2694 1013 2762 53),
1052 2693 1186 2748 oder
1221 2693 1315 2749 bei
1351 2694 1454 2748 der

329 2763 633 2818 Rfickkehr
669 2779 769 2819 aus
804 2764 904 2818 der
923 2763 1160 2819 Provinz
1195 2764 1274 2819 im
1309 2764 1359 2821 J.
1382 2770 1454 2820 50

331 2837 395 2904 (s.
443 2853 493 2891 z
526 2834 579 2888 V
614 2839 674 2904 8,
721 2837 831 2904 22).
918 2823 1071 2890 Uber
1122 2835 1214 2890 die
1271 2834 1453 2892 Sache

332 2905 507 2960 selbst
540 2904 652 2975 vgl.
691 2905 743 2959 Π
784 2912 868 2974 14,
906 2911 993 2961 34.
1030 2912 1116 2973 20,
1154 2912 1241 2962 46.

330 3071 400 3093 —
399 2948 1238 3115 κὲἕίῗαῗαιλῗξξεὸδουσιᾝὶ
1263 2992 1453 3115 mg?

402 3118 685 3183 barbam,
725 3088 1164 3177 Barbarenland.
1238 3118 1458 3175 Dareus

328 3188 554 3244 bezieht
590 3157 711 3243 sic’h
745 3188 804 3243 in
837 3188 1065 3244 freierer
1086 3189 1454 3259 Verbindung

327 3261 492 3386 {afa
525 3264 707 3387 yeruolte,
741 3259 850 3345 wie
886 3260 966 3315 IV
1000 3265 1088 3329 21,
1127 3266 1198 3315 48
1233 3262 1451 3345 gladia-

438 3348 532 3386 am
700 3333 944 3400 quedem,
1004 3348 1335 3402 quamquam
1385 3350 1454 3387 m

328 3404 408 3458 eis
441 3403 582 3471 ipsis
619 3403 880 3458 videmus.

402 3475 703 3542 sapientes,
749 3473 840 3529 die
885 3472 1277 3531 Brachmanen
1322 3474 1458 3530 oder

331 3547 803 3627 γυμνοσοφισταί,
871 3544 979 3601 wie
1033 3545 1125 3600 die
1180 3542 1460 3601 Griechen

333 3614 416 3670 sie
451 3618 713 3670 nannten.

407 3684 921 3753 Caucasi,s.z.11
957 3692 1044 3756 22,
1081 3692 1167 3742 52.

407 3762 491 3812 78.
530 3772 657 3812 vero
692 3757 855 3826 entsp
856 3756 1004 3812 richt
1038 3773 1112 3812 an
1140 3757 1317 3814 Stella
1344 3775 1456 3814 von

332 3832 449 3883 tam
496 3828 626 3882 dem
660 3827 1159 3898 vorhergehenden
1194 3831 1458 3899 primum,

337 3916 380 3954 s.
417 3917 462 3953 z.
499 3898 527 3951 I
566 3904 651 3969 13,
689 3905 775 3954 30.
814 3899 866 3953 V
904 3904 954 3967 9,
993 3904 1076 3954 25.

404 3971 508 4025 illa
558 3971 721 4026 victa.
796 3970 979 4026 Wenn
1032 3968 1143 4025 Cic.
1195 3970 1456 4027 wirklich

333 4040 996 4167 {zugsssogffebegollff'
993 4058 1055 4098 so
1081 4042 1161 4166 isit
1187 4040 1285 4097 der
1311 4044 1457 4168 Abus-

441 4128 470 4166 c
547 4129 573 4166 s
646 4129 675 4165 r
717 4130 756 4166 ιι
924 4110 1064 4183 ssig,
1152 4129 1261 4168 eun
1309 4129 1342 4169 o
1384 4128 1456 4168 en

333 4183 438 4237 hat
464 4198 525 4237 er
626 4182 928 4253 sagi-‚dass
955 4184 1210 4238 mehrere
1232 4183 1456 4239 Frauen

333 4252 501 4308 einen
542 4186 768 4308 ffi
756 4253 981 4321 hatten,
1041 4253 1308 4310 wahl-end
1351 4255 1455 4310 ma

332 4325 481 4380 victa
507 4323 673 4380 einen
698 4296 1013 4395 Gegensai'sz
1037 4343 1150 4383 von
1183 4343 1289 4381 nur
1314 4326 1455 4382 zwei

1560 2566 1670 2621 gen
1698 2567 1810 2606 von
1859 2551 2088 2608 solchen
2125 2549 2461 2606 Schmerzen
2506 2550 2695 2606 selbst

1559 2621 1934 2693 naburwidxig
1969 2623 2068 2677 sei.

1631 2694 1843 2749 umbris
1881 2693 2209 2749 bezeichnet
2255 2692 2336 2746 im
2372 2692 2695 2763 Gegensatz

1560 2783 1630 2818 zu
1664 2765 1746 2819 sol
1782 2770 1833 2820 et
1857 2765 2052 2834 pulvis
2087 2763 2180 2818 die
2214 2763 2691 2833 Abgeschlossen·

1559 2834 1682 2891 heit
1727 2836 1826 2891 des
1869 2835 2088 2891 Hauses
2134 2835 2215 2890 im
2262 2834 2570 2904 Gegensatz
2617 2853 2691 2889 zu

1560 2906 1687 2961 dem
1717 2906 2080 2962 offenssichen
2108 2906 2316 2974 Leben,
2345 2905 2494 2960 daun
2518 2906 2694 2961 iiber·

1557 2977 1741 3048 haupt
1778 2977 2159 3033 ‘weichliches
2197 2976 2431 3032 Leben’.
2500 2976 2553 3030 II
2595 2984 2693 3047 11,

1559 3054 1629 3103 27
1665 3051 1837 3105 vitam
1881 3050 2226 3104 umbratilem
2272 3052 2324 3102 et
2372 3048 2687 3105 delicatam.

1557 3119 1636 3174 Ib.
1680 3125 1764 3188 15,
1802 3126 1870 3174 36
1921 3136 2061 3190 qaae
2106 3120 2293 3174 ceteris
2337 3119 2403 3173 in
2445 3119 2691 3175 urbibus

1557 3190 1870 3246 mollissimo
1936 3192 2091 3246 cultu
2138 3191 2418 3259 parietum
2471 3190 2689 3245 umbris

1558 3262 1902 3319 occultentur.
1975 3280 2033 3331 p.
2079 3260 2220 3319 Mur.
2273 3265 2366 3325 14,
2414 3266 2481 3316 30
2530 3262 2695 3318 cedat

1560 3363 1628 3372 —
1692 3334 1866 3393 otium
1926 3334 2191 3400 militiae,
2251 3332 2415 3387 stilus
2475 3332 2695 3402 gladio,

1564 3404 1762 3459 umbra
1796 3405 1915 3461 soli.

1564 3490 1883 3613 „miz
1901 3475 2237 3630 ’ΐᾷῗᾝῖ
2264 3479 2471 3601 wm'“0’²³⁶⁸
2484 3476 2695 3602 m.

1556 3618 1838 3686 pravitate
1872 3617 2113 3672 imbutae
2147 3619 2279 3685 sint,
2313 3616 2602 3671 subierint.

1563 3705 1669 3813 ἰοί-,9
1692 3759 1795 3814 auf
1813 3658 2701 3843 ndegtizzzrhergssefflssffiffi

1562 3846 1728 3900 quam
1764 3860 1831 3871 —
1867 3831 2070 3887 molent
2103 3849 2170 3886 zu
2208 3831 2494 3885 bez1ehen.

1625 3916 1864 3971 poenam
1908 3903 2148 3957 nullam.-
2202 3901 2341 3956 Wer
2384 3902 2533 3956 auch
2577 3918 2700 3956 nur

1562 3972 1924 4043 unfreiwillig
1996 3972 2161 4028 einen
2226 3972 2368 4039 Ibis,
2443 3971 2521 4042 Sp
2523 3974 2699 4028 erber

1563 4043 1697 4099 oder
1743 4042 1918 4099 Katze
1968 4046 2191 4115 getbtet
2232 4013 2418 4112 hatsse,
2473 4043 2693 4099 mnsste

1564 4114 1813 4182 s,terben
1864 4114 1958 4170 bei
1992 4115 2417 4186 unfreiwilliger
2455 4114 2695 4186 Totung

1561 4186 1761 4242 andrei·
1810 4186 2052 4258 heiliger
2103 4187 2265 4242 'here
2319 4188 2536 4242 setzten
2590 4186 2697 4241 die

1559 4256 1803 4382 {riost-,er
1867 4256 1958 4314 die
2015 4259 2200 4315 Strafe
2263 4257 2389 4314 fest.
2470 4256 2693 4314 Herod
