2902 4649
542 138 1147 195 TUSCULANARUM
1183 141 1794 198 DISPUTATIONUM
1831 144 1899 199 11.
1939 151 2167 202 36—39.
2451 147 2533 211 91

174 303 432 365 abiectis
496 304 811 386 oneribuS,
876 306 1169 386 expeditis
1232 310 1414 368 armis
1478 317 1547 369 ut
1596 308 1894 372 membris
1957 300 2224 391 pugnare
2289 315 2537 393 possint.

173 389 382 463 Quid?
428 395 773 455 exercitatio
820 394 1147 476 legionum3
1204 392 1392 475 quid?
1448 396 1547 457 ille
1603 416 1843 481 cursus,
1900 417 2257 482 concursus,
2292 397 2539 462 'clamor

167 483 383 560 quanti
450 481 671 543 laboris
736 481 857 544 est!
949 483 1037 544 Ex
1099 484 1213 545 hoc
1274 484 1371 545 ille
1434 487 1668 547 animus
1732 489 1794 546 in
1855 488 2099 567 proeliis
2157 497 2401 569 paratus
2466 491 2537 551 ad

163 569 435 631 volnera.
526 569 734 632 Adduc
789 574 921 652 pari
986 574 1183 633 animo
1238 575 1696 641 inexercitatum
1762 575 2038 639 militem:
2103 578 2319 639 mulier
2376 579 2536 639 vide-

160 657 355 719 bitur.
449 657 570 720 Cur
634 668 865 721 tantum
929 663 1183 723 interest
1245 663 1405 722 inter
1465 681 1684 724 novum
1743 671 1803 725 et
1863 672 2126 726 veterem
2187 669 2536 748 exercitum,
2557 681 2625 729 38

161 756 465 826 quantum
525 750 756 828 experti
818 746 1070 810 sumus?
1161 750 1337 811 Aetas
1397 753 1661 812 tironum
1721 751 2074 832 plerumque
2132 755 2369 836 melior,
2431 756 2535 816 sed

159 836 337 895 ferre
385 834 671 916 laborem,
733 846 1116 899 contemnere
1168 837 1381 899 vulnus
1439 840 1812 901 consuetudo
1868 840 2058 902 docet.
2152 843 2310 914 Quin
2357 846 2535 904 etiam

156 924 445 985 videmus
502 943 574 986 ex
622 927 746 986 acie
797 928 998 987 efferri
1043 946 1220 1008 saepe
1269 931 1532 1009 saucioS,
1591 936 1651 989 et
1706 928 1947 1008 quidem
1996 929 2205 991 rudem
2252 931 2419 993 illum
2476 940 2536 993 et

155 1015 629 1075 inexercitatum
669 1017 937 1093 quamvis
974 1016 1089 1077 levi
1134 1020 1258 1079 ictu
1305 1017 1574 1098 ploratus
1613 1020 1992 1097 turpissimos
2031 1018 2238 1082 edere:
2284 1029 2343 1082 at
2389 1039 2530 1082 vero

155 1100 271 1161 ille
323 1104 681 1164 exercitatus
740 1111 800 1165 et
854 1112 1027 1165 vetus
1082 1104 1159 1168 ob
1216 1124 1466 1185 eamque
1522 1124 1649 1167 rem
1708 1107 1948 1189 fortior,
2003 1108 2300 1170 medicum
2357 1109 2533 1170 modo

146 1186 493 1270 ‘requirens
540 1210 571 1252 a
620 1210 738 1271 quo
786 1192 1109 1274 obligetur,

348 1298 420 1358 E.
490 1293 571 1361 Ὃ
636 1295 1030 1373 Ράτνῖσοῖεε,’
1096 1302 1293 1379 inquit
1358 1296 1471 1362 ‘ad
1530 1300 1634 1362 vds
1707 1303 2037 1362 adveniens
2101 1300 2404 1364 auxilium
2473 1311 2535 1366 et

1455 1387 1690 1451 vestrds
1735 1407 1954 1451 manus

481 1477 651 1554 peto',
692 1481 873 1554 prius
918 1479 1101 1553 quam
1149 1479 1363 1555 oppeto'
1408 1482 1633 1539 malam
1662 1486 1894 1555 pestem
1932 1476 2286 1541 ma'ndatam
2330 1479 2537 1543 hostili

1455 1581 1666 1642 manu,

494 1672 692 1729 neque
735 1652 991 1730 sdnquis
1036 1658 1159 1716 ullo
1198 1654 1362 1732 po'tis
1408 1662 1500 1718 est
1535 1662 1723 1733 pacto
1761 1656 2080 1733 prefluens
2127 1654 2483 1732 consistere,

493 1745 552 1802 si
593 1740 702 1817 qui
743 1742 1048 1819 sapientia
1095 1746 1292 1819 maqis
1338 1751 1544 1805 vestra
1591 1745 1752 1807 mo'rs
1801 1742 2070 1806 devitari
2101 1753 2318 1822 potest.

493 1831 767 1907 Namque
812 1831 1144 1908 Aesculapi
1186 1829 1521 1894 liberorum
1566 1832 1772 1895 saucii
1814 1837 2057 1911 opplent
2092 1834 2403 1910 porticus:

491 1936 612 1980 non
650 1921 814 1997 potis
861 1916 1120 1982 accedi?

161 2024 344 2085 Certe
390 2022 728 2105 Eurypylus
784 2025 916 2117 hic·
941 2025 1182 2106 quidem
1230 2033 1338 2086 est.
1432 2024 1746 2086 Hominem
1794 2027 2152 2088 exercitum!
2245 2027 2358 2089 Ubi
2405 2039 2530 2091 tan·
2553 2008 2638 2133 ἐξ
2675 2113 2683 2119 .

163 2120 299 2174 tum
344 2113 545 2175 luctus
592 2116 1002 2195 continuatur,
1062 2114 1194 2174 vide
1255 2131 1434 2194 quam
1489 2132 1610 2174 non
1664 2114 1943 2175 flebiliter
1997 2116 2383 2200 respondeat,
2440 2137 2531 2179 ra·

162 2204 394 2294 tionem
441 2205 620 2264 etiam
666 2202 893 2264 adferat
939 2222 1049 2264 cur
1097 2221 1288 2282 aequo
1336 2204 1536 2263 animo
1585 2202 1698 2263 sibi
1746 2203 2057 2265 ferendum
2105 2207 2212 2267 sit:

1024 2311 1093 2371 E.
1163 2311 1285 2385 Qui
1330 2307 1519 2371 a'lteri
1562 2308 1817 2372 exitium
1854 2318 2075 2388 parat,

489 2418 623 2461 eum
650 2397 816 2461 scire
841 2406 1079 2477 oportet
1102 2397 1224 2461 sibi
1239 2406 1538 2477 paratam
1558 2398 1807 2476 pestem,
1827 2406 1897 2460 ut
1915 2401 2270 2479 particz‘pss't,
2291 2421 2529 2480 parem.

161 2505 443 2567 Abducet
478 2504 833 2587 PatricoIeS,
880 2505 1091 2586 credo,
1137 2513 1206 2566 ut
1252 2505 1527 2566 conlocet
1571 2507 1635 2564 in
1682 2504 1890 2587 cubili,
1936 2515 2005 2567 ut
2041 2506 2253 2569 volnus
2290 2508 2530 2590 obliget.

165 2595 234 2656 Si
284 2594 525 2674 quidem
571 2593 749 2656 homo
797 2602 988 2676 esset,
1046 2594 1151 2655 sed
1198 2593 1349 2655 nihil
1395 2593 1515 2654 vidi
1561 2595 1774 2655 minus.
1869 2594 2116 2665 Quaerit
2171 2599 2327 2657 enim
2388 2599 2530 2679 quid

163 2691 371 2745 actum
418 2685 522 2746 sit:

162 2795 1292 2961 urssffsz‘fssmffmtssez
1402 2818 2529 2962 &33:55‘zrgssstsssisssserssfifizzzzb022

165 2977 256 3016 sar
293 2959 410 3014 und
447 2960 777 3031 Pompejus,
806 2960 925 3016 'der
964 2959 1296 3017 wesentlich
1473 2960 1774 3030 Aesculapi
1846 2962 2140 3016 liberorum
2209 2968 2353 3031 port.
2389 3021 2403 3035 ‚
2428 2963 2530 3019 Die

162 3032 272 3087 mit
300 3031 479 3087 durch
508 3032 599 3087 die
627 3032 848 3087 bessere
877 3031 1152 3103 Disziplin
1178 3031 1295 3086 und
1401 3030 1712 3086 Vorhallen
1751 3050 1819 3086 zu
1857 3031 1967 3087 den
2006 3033 2202 3088 Zelten
2239 3033 2338 3089 der
2362 3020 2530 3090 Arate

162 3102 414 3173 grossere
451 3088 657 3175 Ubung
711 3121 823 3158 von
861 3103 1060 3159 Citam-s
1097 3102 1293 3158 Solda-
1402 3101 1718 3157 Podalirius
1780 3104 1897 3157 und
1961 3103 2254 3161 Machaon.
2342 3104 2395 3160 S.
2464 3105 2530 3162 Il.

162 3175 259 3229 ten
297 3173 665 3229 entechieden
699 3174 907 3230 wurde.
981 3176 1296 3230 Mommsen
1402 3172 1483 3227 XI
1520 3179 1642 3228 833.

159 3244 324 3300 Rom.
354 3244 555 3301 Gesch.
593 3246 674 3300 III
711 3245 764 3300 S.
806 3252 927 3302 379.
967 3252 1086 3302 389.
1127 3251 1249 3302 395.
1476 3244 1630 3301 ome
1656 3246 2003 3317 Eurypylus.
2062 3246 2174 3303 Cic.
2207 3247 2385 3302 denkt
2411 3248 2532 3304 sich

235 3317 283 3371 O
317 3316 640 3373 Patricoles.
714 3317 816 3372 Die
836 3318 1010 3372 Verse
1079 3317 1292 3372 ehoren
1402 3317 1569 3371 anter
1604 3316 1714 3371 den
1752 3317 2105 3373 Zuschauern
2153 3318 2369 3373 sitzend
2416 3319 2531 3374 und

161 3405 251 3442 zu·
277 3389 382 3443 der
418 3387 700 3457 Tragbdie
737 3388 990 3443 Achilles
1076 3405 1135 3442 es
1181 3387 1291 3442 En·
1403 3387 1725 3443 beschreibt
1751 3387 1842 3442 die
1870 3387 2044 3443 Scene
2074 3389 2176 3444 auf
2197 3389 2327 3444 dem
2346 3389 2530 3445 Thea.-

161 3460 315 3529 nius,
365 3459 504 3514 oder
543 3459 650 3513 wie
698 3459 953 3514 Ribbeck
1007 3460 1074 3513 R.
1123 3461 1289 3529 Trag.
1397 3460 1503 3514 ter.
1560 3458 1846 3513 Zwischen
1866 3458 2059 3514 diesen
2081 3460 2266 3515 ersten
2285 3460 2401 3515 und
2422 3460 2532 3515 den

133 3554 136 3555 ⁷
202 3571 213 3583 .
238 3536 344 3585 120
383 3531 683 3597 vermutet,
715 3548 782 3584 zu
809 3530 1069 3586 Hectoris
1099 3531 1289 3584 Lutra..
1399 3529 1705 3600 folgenden
1750 3530 1964 3586 Versen
2011 3530 2157 3586 mufs
2206 3531 2359 3587 dann
2407 3532 2530 3588 eine

162 3549 362 3658 Bienor
400 3600 578 3656 Scene
613 3601 759 3671 liegt
793 3601 896 3657 das
924 3602 988 3658 Il.
1018 3600 1096 3656 XI
1125 3607 1229 3657 809
1251 3602 1292 3656 f.
1400 3600 1582 3671 Klage
1626 3601 1724 3656 des
1761 3601 2062 3656 Patroklus
2099 3604 2241 3658 iiber
2276 3603 2529 3674 Eurypy-

164 3673 412 3728 erzahlte
459 3690 527 3726 zu
564 3672 942 3741 Grande,'wo
975 3672 1293 3742 Patroklus,
1403 3670 1510 3726 lus'
1543 3671 1942 3743 Verwundnng
2020 3675 2289 3729 estenden
2326 3674 2527 3732 haben.

163 3743 261 3799 der
314 3760 431 3799 von
485 3743 736 3799 Achilles
786 3743 1155 3815 abgeschickb
1201 3743 1294 3814 ist,
1473 3728 1766 3799 Hor‘m‘nem
1792 3760 1918 3799 exer
1961 3746 2104 3812 ἀτη,
2127 3744 2229 3802 d.i.
2244 3747 2530 3813 iactatum,

162 3833 256 3870 um
293 3816 419 3871 sich
465 3815 615 3869 nach
660 3815 761 3870 der
795 3813 949 3885 Lage
998 3815 1098 3870 der
1133 3814 1289 3870 Grie·
1399 3820 1674 3870 vexatmn.

162 3886 305 3941 chen
363 3904 432 3940 zu
487 3885 863 3957 erkundigen‚
928 3886 1029 3940 auf
1078 3885 1289 3942 seinem
1472 3885 1614 3955 Καρ.
1655 3884 1753 3941 17.
1828 3892 1914 3941 39.
1971 3904 2092 3941 eum
2139 3886 2218 3941 ist
2264 3887 2531 3958 einsilbig

159 3957 487 4039 Rt'ickwege
534 3957 645 4011 den
679 3957 1080 4014 verwundeten
1114 3957 1293 4027 Eury-
1402 3974 1470 4010 zu
1505 3957 1674 4012 lesen.

162 4029 330 4099 pylas
369 4026 532 4084 tnfflz.
1474 4029 1527 4083 si
1561 4030 1778 4098 quidem
1803 4029 1959 4084 homo
1990 4034 2150 4097 esset,
2189 4029 2241 4084 d.
2272 4030 2327 4084 h.
2366 4047 2531 4086 wenn

221 4105 434 4169 pestem
462 4124 531 4146 ==
564 4105 798 4156 mortem.
872 4101 1196 4156 mamdatam
1226 4125 1294 4146 =
1406 4116 1467 4154 er
1513 4100 1612 4154 das
1658 4099 1786 4154 dem
1822 4100 2128 4154 Menechen
2169 4101 2366 4171 eigene
2401 4101 2530 4156 Mit-

162 4171 482 4226 immissam.
558 4169 689 4242 Vgl.
722 4177 770 4239 7,
813 4178 877 4227 19
915 4173 1018 4227 heu
1053 4173 1153 4242 qui
1187 4174 1296 4227 sal·
1404 4170 1522 4224 leid
1564 4170 1797 4226 besasse.
1872 4169 2069 4225 Damit
2116 4171 2225 4226 soll
2270 4171 2333 4225 P.
2381 4173 2529 4227 noch

162 4242 242 4296 sis
275 4241 541 4311 fluctibus
574 4244 797 4298 mandet
830 4259 927 4298 me.
1402 4240 1564 4296 nicht
1636 4241 1736 4297 der
1797 4241 2359 4297 Unmenschlichkeit
2427 4243 2526 4297 be-

230 4329 407 4383 neque
439 4313 675 4385 sanquis
712 4345 779 4354 -
820 4316 1133 4371 consistere:
1194 4314 1295 4370 der
1402 4311 1689 4384 schuldigt
1733 4312 1982 4383 werden,
2040 4331 2098 4369 es
2152 4313 2230 4368 ist
2282 4331 2387 4367 nur
2435 4314 2560 4367 ein‘
