2902 4649
314 146 403 210 94
1103 145 1178 199 M.
1220 143 1465 200 TULLII
1506 143 1892 200 CICERONIS

314 319 571 392 putaret.
663 311 833 382 Quod
883 329 1024 391 ergo
1072 320 1133 372 et
1177 311 1514 391 postulatur
1560 329 1593 370 a
1641 309 1895 371 fortibus
1942 319 2003 371 et
2047 309 2354 391 laudatur,
2401 328 2538 372 cum
2592 311 2685 391 ot,

316 400 375 462 id
432 410 536 463 aut
592 403 981 461 extimescere
1027 402 1271 461 veniens
1331 409 1433 462 aut
1493 417 1611 459 non
1673 399 1831 459 serre
1887 416 2174 478 praesens
2233 417 2431 459 nonne
2489 406 2681 478 turpe

318 486 451 551 est?
532 489 753 568 Atquin
801 489 931 549 vide
978 506 1080 570 ne,
1126 507 1263 550 cum
1306 506 1513 549 omnes
1551 494 1751 548 rectae
1790 489 1972 548 animi
2010 487 2374 548 adfectiones
2413 489 2678 549 virtutes

318 578 716 660 appellentur,
786 596 906 637 non
968 579 1046 638 sit
1103 576 1218 638 hoc
1275 579 1589 657 proprium
1651 594 1868 636 nomen
1930 576 2223 656 omnium,
2283 577 2385 637 sed
2447 575 2522 636 ab
2590 594 2692 657 ea,

318 685 471 747 quae
519 683 637 726 una
680 667 898 727 ceteris
943 665 1295 748 excellebat,
1348 683 1557 726 omnes
1603 666 1937 725 nominatae
1983 666 2122 726 sint.
2210 663 2515 745 Appellata
2567 674 2687 726 est

319 756 478 815 enim
516 773 591 815 ex
628 757 755 815 viro
793 757 1012 836 virtus;
1059 757 1171 816 viri
1208 763 1406 816 autem
1443 755 1688 834 propria
1724 755 1976 814 maxime
2016 760 2108 813 est
2145 753 2459 837 fortitudo,
2498 756 2680 815 cuius

318 862 567 904 munera
613 838 731 904 duo
779 850 921 904 sunt
965 845 1241 904 maxima:
1286 845 1498 903 mortis
1534 841 1877 921 dolorisque
1916 844 2295 922 contemptio,
2368 841 2676 904 Utendum

319 942 412 994 est
455 933 639 1011 igitur
684 931 807 1013 his,
858 934 910 992 si
952 934 1188 994 virtutis
1226 938 1532 1012 compotes
1580 930 1671 990 vel
1717 932 1917 1011 potius
1963 931 2016 991 si
2063 932 2172 990 viri
2210 930 2482 991 volumus
2521 949 2681 1012 esse,

321 1020 599 1101 quoniam
645 1039 678 1081 a
726 1022 869 1080 viris
907 1021 1095 1081 virtus
1135 1038 1351 1082 nomen
1399 1028 1494 1081 est
1540 1026 1823 1081 mutuata.
1916 1019 2183 1090 Quaeres
2228 1019 2507 1101 sortasse,
2553 1038 2680 1099 quo

322 1109 526 1188 modo,
572 1117 634 1170 et
680 1117 871 1170 recte:
917 1108 1095 1170 talem
1142 1112 1301 1170 enim
1349 1108 1702 1169 medicinam
1747 1106 2118 1188 philosophia
2163 1109 2497 1188 profitetur.

500 1197 675 1258 Venit
719 1197 1044 1279 EpicuruS,
1100 1198 1276 1258 homo
1331 1198 1575 1258 minime
1633 1196 1823 1257 malus
1871 1196 1961 1256 vel
2005 1198 2205 1276 potius
2251 1198 2340 1256 vir
2386 1198 2681 1278 optimus;

322 1294 552 1347 tantum
626 1294 856 1367 monet,
931 1295 1218 1365 quantum
1291 1285 1600 1366 intellegit.
1694 1279 1998 1364 ‘Neglege'
2071 1286 2268 1364 inquit
2339 1279 2680 1352 ‘dolorem’

321 1375 469 1446 Quis
524 1373 638 1435 hoc
694 1370 882 1435 dicit?
971 1374 1133 1435 Idem
1190 1378 1294 1455 qui
1349 1374 1616 1435 dolorem
1674 1391 1972 1434 summum
2031 1372 2265 1434 malum.
2357 1373 2463 1433 Vix
2529 1376 2681 1434 satis

318 1470 680 1524 constanter.
771 1463 1110 1525 Audiamus,
1205 1459 1292 1524 ‘Si
1368 1481 1638 1524 summus
1702 1461 1872 1523 dolor
1933 1457 2068 1543 est',
2127 1462 2348 1541 inquit,
2405 1457 2679 1523 ‘brevem

321 1570 565 1613 necesse
613 1558 706 1612 est
752 1547 929 1613 esse?
945 1623 950 1628 .

217 1156 302 1282 ¹43

1176 1641 1495 1702 Iteradum
1544 1642 1756 1701 eadem
1804 1642 1924 1700 ista
1969 1641 2150 1699 mihi!

318 1764 438 1807 non
509 1747 668 1806 enim
733 1747 876 1806 satis
940 1745 1220 1825 intellego
1277 1746 1417 1827 quid
1477 1762 1778 1807 summum
1813 1743 1994 1806 ‘dicas
2053 1762 2184 1805 esse
2196 1785 2241 1825 ,·
2279 1745 2421 1823 quid
2481 1744 2688 1827 breve.

321 1830 657 1896 ‘Summum
707 1852 825 1912 quo
883 1834 1031 1895 nihil
1076 1837 1157 1895 sit
1201 1837 1507 1915 superiuS,
1565 1833 1744 1894 breve
1803 1852 1921 1912 quo
1978 1832 2125 1893 nihil
2179 1832 2436 1894 brevius,
2530 1833 2687 1894 Con-

321 1933 521 1985 temno
577 1922 1044 2001 magnitudinem
1102 1922 1350 2004 doloris,
1406 1943 1439 1983 a
1497 1940 1614 2002 qua
1671 1940 1765 1982 me
1823 1921 2082 1982 brevitas
2146 1924 2434 2000 temporis
2494 1922 2686 1982 vindi-

320 2010 478 2072 cabit
523 2019 659 2071 ante
706 2029 895 2089 paene
943 2030 1120 2091 quam
1166 2007 1437 2073 venerit?
1532 2008 1650 2071 Sed
1708 2012 1760 2070 si
1816 2019 1908 2070 est
1955 2017 2154 2071 tantus
2200 2009 2371 2070 dolor
2418 2019 2686 2090 quantus

318 2095 729 2175 Philoctetae?
821 2095 1003 2161 ‘Bene
1051 2100 1224 2180 plane
1262 2118 1512 2179 magnus
1550 2098 1696 2159 mihi
1739 2099 1979 2177 quidem
2018 2098 2280 2179 videtur,
2328 2098 2432 2159 sed
2481 2107 2687 2159 tamen

320 2207 441 2250 non
479 2206 781 2269 summus;
818 2188 967 2249 nihil
1004 2190 1162 2249 enim
1201 2188 1360 2250 dolet
1397 2191 1516 2250 nisi
1552 2205 1687 2267 pes:
1734 2194 1988 2268 possunt
2024 2187 2209 2271 oculi,
2244 2195 2445 2267 potest
2482 2197 2687 2270 caput,

318 2277 531 2359 latera,
574 2276 917 2360 pulmones,
960 2285 1214 2358 possunt
1259 2280 1483 2340 omnia:
1542 2277 1717 2356 longe
1764 2278 1946 2356 igitur
1993 2274 2163 2338 abest
2208 2294 2240 2336 a
2288 2294 2523 2338 summo
2570 2275 2680 2337 do·

321 2361 490 2427 lore?
584 2361 789 2446 ‘Ergo'
851 2369 1047 2446 inquit
1110 2362 1301 2428 ‘dolor
1361 2367 1685 2429 diuturnus
1746 2364 1924 2426 habet
1987 2364 2243 2427 laetitiae
2308 2366 2442 2446 plus
2503 2383 2697 2446 quam,

393 2541 479 2593 43.
523 2536 683 2606 Quod
717 2553 858 2606 erqo.
934 2536 1038 2591 Die
1067 2535 1241 2592 Stelle
1276 2539 1445 2606 zeugi:

328 2625 434 2663 von
485 2607 709 2663 Ciceros
753 2607 1225 2678 Nachla'ssigkeit.
1298 2608 1446 2677 quod

324 2678 469 2733 muss
524 2696 658 2733 man
710 2678 814 2732 auf
861 2680 1155 2734 toleranter
1209 2679 1444 2734 dolorem

1552 2535 1653 2589 der
1689 2534 1829 2591 Vers
1868 2537 1933 2604 (s.
1971 2535 2145 2591 Acad.
2198 2537 2250 2591 II
2299 2541 2397 2605 27,
2445 2537 2536 2605 88)
2582 2553 2690 2607 aye

1554 2607 1743 2662 ddsta:
1779 2622 1939 2661 mane
1974 2608 2142 2662 avidi.-
2183 2608 2458 2663 iterddum
2494 2609 2687 2664 eadem

1552 2678 1721 2733 istaec
1746 2678 1900 2733 mihi.
1972 2678 2105 2733 dum
2132 2678 2274 2733 wird
2306 2678 2368 2733 in
2394 2678 2496 2734 der
2525 2679 2687 2734 alten

314 2751 445 2821 pati
478 2749 772 2819 beziehen,
824 2749 1141 2820 geftirchtet
1186 2749 1444 2820 dagegen

323 2819 465 2874 wird
502 2820 602 2874 der
638 2820 953 2875 Schmerz
990 2822 1181 2877 selbst.

395 2890 638 2960 Atquin.-
666 2891 912 2946 dieselbe
932 2890 1097 2947 Form
1122 2890 1300 2947 findet
1324 2890 1446 2946 sich

326 2961 473 3045 auch
516 2962 661 3015 Phil.
699 2962 750 3016 X
788 2968 850 3031 8,
890 2968 954 3017 17
1010 2962 1227 3033 Atquin
1278 2963 1446 3018 huius

327 3048 590 3086 amimam.

396 3107 573 3158 rectae
635 3104 961 3171 affectiones.
1052 3103 1159 3158 Die
1223 3101 1448 3158 Stoiker

327 3173 630 3229 definieren
666 3173 756 3229 die
794 3174 1030 3246 Tugend
1067 3175 1152 3228 als
1188 3170 1448 3236 διάθεσις
1474 3178 1479 3182 ’

326 3245 426 3314 τῆς
462 3245 650 3315 ψυχῆς
685 3241 1136 3316 ὁμολογουμένη,
1181 3260 1294 3300 was
1333 3242 1446 3299 Cic.

325 3315 448 3371 hier
483 3316 659 3371 durch
695 3322 870 3373 rectae
906 3317 1085 3372 animi
1121 3317 1449 3384 affectiones,

330 3386 592 3457 ‘richtige
644 3387 1263 3459 Seelenstimmungen’‚
1318 3386 1450 3442 wie·

327 3457 601 3528 dergiebt.

398 3529 711 3596 excellebat,
757 3529 1004 3585 namlich
1049 3548 1117 3585 zu
1163 3528 1265 3585 der
1310 3527 1451 3592 Zest,

327 3599 415 3723 {Is
463 3601 646 3654 zuerst
690 3600 791 3654 der
826 3600 1004 3655 Name
1041 3599 1279 3672 Tugend
1327 3598 1450 3655 auf-

370 3686 480 3725 am.

400 3739 544 3811 Kap.
584 3738 682 3796 19.
743 3746 830 3795 44.
858 3743 946 3796 vir
972 3743 1231 3812 optimus,
1258 3741 1453 3812 haufig

329 3811 436 3866 mit
489 3811 670 3866 Ironie
737 3812 860 3866 ‘der
913 3813 1110 3879 bravo,
1166 3813 1303 3868 aber
1355 3812 1453 3867 be·

330 3883 630 3938 schrankte
676 3883 890 3951 Mann',
941 3883 1046 3938 wie
1093 3889 1124 3949 ξ
1169 3889 1239 3938 45
1287 3884 1455 3938 bonos

328 3956 491 4081 giras.
570 3958 598 4007 1
614 3997 628 4023 ‚
692 3960 724 4008 2
792 3970 861 4009 ‘ne
923 3956 1252 4024 quibusdam
1312 3955 1455 4010 viris

365 4041 503 4081 oms.

403 4100 619 4152 tantum
657 4127 720 4136 —
796 4101 1055 4152 uantum.-
1113 4096 1240 4150 ‘nur
1289 4097 1453 4152 eben·

333 4166 512 4222 soviel
548 4167 674 4222 als’.
795 4212 807 4224 .
845 4186 890 4222 z.
928 4167 955 4221 I
993 4173 1086 4234 13,
1123 4172 1211 4222 29.

404 4239 702 4293 iteradum.-
738 4253 840 4293 aus
878 4238 978 4294 der
1004 4238 1186 4294 Iliona.
1222 4237 1319 4293 des
1346 4237 1450 4291 Pa.-

334 4310 543 4365 cuvius.
612 4309 802 4366 Etwas
831 4310 1236 4382 vollstandiger
1266 4310 1453 4366 lautet

1554 2748 1803 2819 Sprache
1838 2748 2031 2819 hnufig
2058 2766 2153 2804 ·a.n
2198 2748 2541 2819 Imperative
2578 2750 2690 2805 wie

1555 2820 1813 2890 agedum,
1849 2821 2111 2875 adesdum
2136 2819 2416 2890 gehangt,
2452 2836 2549 2874 zur
2576 2820 2686 2874 Be-

1556 2891 1896 2960 zeichnung,
1933 2890 2057 2946 dass
2086 2891 2178 2945 die
2204 2890 2511 2962 Handlung
2541 2891 2690 2962 jetzt

1554 2962 1743 3044 gleich
1778 2961 2096 3031 geschehen
2132 2961 2263 3028 soll3
2304 2962 2509 3017 ebenso
2541 2961 2686 3017 wir-d

1553 3031 2048 3087 mGriechischen
2062 3028 2135 3101 δή
2152 3031 2479 3102 gebraucht.
2512 3032 2686 3089 istaec

1555 3102 1745 3158 wfirde
1766 3103 1865 3158 der
1877 3103 2013 3158 Vers
2033 3103 2276 3172 fordern,
2296 3104 2433 3159 aber
2446 3103 2686 3171 uberall,

1557 3190 1646 3228 wo
1665 3172 1778 3230 Cic.
1811 3172 1903 3228 die
1933 3173 2417 3243 sprichwortliche
2436 3174 2688 3232 Redens-

1557 3246 1647 3299 art
1682 3245 1917 3312 citiert,·
1942 3245 2097 3299 steht
2130 3246 2258 3300 ista.

1629 3315 1779 3371 Bene
1796 3315 2079 3371 verstfirkt
2106 3314 2209 3370 das
2237 3333 2487 3386 maynue.
2525 3317 2686 3373 Verr.

1559 3387 1612 3440 II
1651 3393 1745 3455 70,
1791 3392 1893 3442 169
1951 3387 2081 3442 bene
2124 3388 2352 3457 penitus
2405 3389 2471 3442 in
2524 3389 2692 3443 istius

1560 3458 2000 3524 familiaritatem
2023 3473 2133 3513 sese
2155 3459 2321 3514 dedit.
2363 3459 2504 3515 Bell.
2524 3457 2690 3529 Hisp.

1561 3533 1629 3582 25
1667 3530 1844 3584 nostri
1888 3545 1955 3584 ex
2007 3529 2207 3584 humili
2260 3530 2523 3584 convalle·
2557 3530 2691 3586 bene

1561 3599 1716 3669 longe
1775 3604 1908 3654 aunt
1969 3601 2180 3670 eyressi.
2272 3600 2494 3655 Ebenso
2559 3601 2693 3656 bene

1560 3687 1733 3795 'Sn‘amg
1756 3741 1773 3767 ρ
1791 3687 1857 3795 ²1²1
1849 3672 1891 3795 le
1878 3687 2015 3795 <1352
2034 3669 2691 3797 steht-inbkoncessiuem

1604 3758 1700 3795 mn
1777 3758 1814 3795 a
2061 3759 2088 3796 s
2137 3758 2244 3797 me
2307 3758 2402 3796 ene
2445 3757 2687 3798 omnmo.

1561 3810 1615 3865 11
1649 3816 1679 3877 ς
1719 3816 1785 3866 15
1830 3813 1986 3867 video
2018 3759 2225 3882 {azam
2281 3814 2376 3868 sea
2400 3783 2550 3882 ’plus
2595 3814 2687 3868 ae-

1560 3883 1766 4007 ῗῖὶΙῖενο,
1821 3901 1865 3936 s.
1902 3881 2226 3954 Nipperdey
2272 3902 2315 3938 z.
2362 3883 2493 3939 Tac.
2541 3886 2688 3940 Anu.

1634 4025 1790 4080 dolor
1808 4025 2138 4080 diuturnus:
2157 4023 2264 4080 Dio
2309 4023 2392 4078 :X
2414 4030 2520 4079 140
2536 4021 2604 4079 αἱ
2617 4023 2686 4080 δὲ

1562 4092 1926 4165 πολυχρόνιοι
1988 4096 2100 4150 τῶν
2163 4090 2238 4166 ἆῤ
2277 4096 2492 4150 ωστιῶν
2555 4100 2689 4151 πλε-

1562 4162 1769 4233 ονάζον
1816 4164 2006 4236 ἔχουσι
2055 4163 2119 4222 τὰ
2170 4162 2456 4236 ἡδόμενον
2504 4161 2569 4222 ἐν
2615 4167 2689 4237 τῇ

1557 4236 1727 4362 {talogii
1755 4233 1906 4363 Zao
1934 4234 1999 4292 τὸ
2029 4233 2256 4307 ἀλγοῦν.
2333 4237 2460 4309 Vgl.
2491 4238 2562 4294 de
2589 4238 2689 4293 fin.

1702 4349 1716 4375 ,
1827 4352 1840 4366 .
