2902 4649
575 136 1175 193 TUSCULANARUM
1211 101 1825 193 ι)ιεΡΠΤιῖειῚοικιῐιΜΧ
1855 138 1948 194 1v.
1988 144 2220 193 32—36.
2490 139 2574 203 69

222 306 377 366 enim
443 304 597 365 malo
655 322 830 383 quam
896 303 1182 365 malitiam
1245 304 1540 385 appellare
1607 322 1763 385 eam,
1829 323 2004 386 quam
2063 304 2276 365 Graeci
2337 306 2577 367 κακίαν

222 393 542 475 appellant3
599 411 736 454 nam
791 392 1012 454 malitia
1071 396 1223 454 certi
1280 393 1589 454 cuiusdam
1645 395 1772 455 vitii
1829 412 2047 454 nomen
2102 401 2221 475 est,
2287 395 2576 455 vitiositas

221 484 483 544 omnium
548 504 657 563 ——3
725 500 795 553 ex
863 501 977 562 qua
1042 484 1419 543 concitantur
1484 482 1995 564 perturbationes,
2062 500 2212 562 quae
2278 491 2447 565 sunt,
2512 492 2579 545 ut

220 571 392 652 paulo
442 580 579 632 ante
626 570 903 652 diximuS,
951 566 1177 632 turbidi
1224 572 1559 633 animorum
1607 573 2007 652 concitatique
2045 581 2264 653 motuS,
2313 574 2505 632 aversi
2543 590 2575 631 a

217 662 454 720 ratione
495 668 557 721 et
602 661 997 720 inimicissimi
1045 662 1264 721 mentis
1301 662 1575 740 vitaeque
1623 659 1994 739 tranquillae.
2068 660 2378 741 Inportant
2416 663 2574 721 enim

218 748 621 828 aegritudines
670 750 870 808 anxias
918 756 1097 828 atque
1145 748 1390 810 acerbas
1436 752 1787 829 animosque
1834 749 2123 828 adfligunt
2171 758 2229 810 et
2267 749 2578 811 debilitant

217 847 412 918 metu3
467 838 624 898 idem
686 837 1053 898 inflammant
1099 838 1462 916 adpetitione
1508 840 1715 919 nimia,
1774 857 1949 918 quam
2006 847 2133 899 tum
2192 837 2576 918 cupiditatem

216 936 342 988 tum
389 926 695 987 libidinem
743 926 1024 1008 dicimus,
1087 929 1480 1005 inpotentiam
1536 927 1832 1007 quandam
1878 929 2060 988 animi
2105 946 2138 987 a
2185 929 2575 1006 temperantia

215 1024 274 1076 et
337 1015 743 1078 moderatione
807 1015 1134 1094 plurimum
1200 1016 1605 1077 dissidentem.
1707 1014 1869 1087 Quae
1937 1018 1986 1076 si
2056 1015 2292 1095 quando
2358 1015 2570 1095 adepta
2596 1027 2664 1076 35

214 1106 331 1165 erit
376 1103 465 1183 id,
528 1103 687 1182 quod
742 1106 795 1164 ei
841 1104 1028 1165 fuerit
1085 1106 1495 1187 concupitum,
1555 1113 1684 1166 tum
1739 1106 2040 1166 ecferetur
2096 1104 2423 1185 alacritate,
2480 1100 2572 1165 ‘ut

195 1192 366 1253 'nihil
415 1195 470 1253 ei
517 1187 774 1253 constet'
823 1192 982 1272 quod
1030 1203 1191 1275 agat,
1239 1201 1306 1254 ut
1351 1193 1477 1274 ille,
1525 1196 1630 1274 qui
1677 1189 2059 1274 ‘voluptatem
2109 1195 2288 1253 animi
2336 1195 2576 1254 nimiam

216 1299 518 1343 summum
566 1299 698 1342 esse
746 1277 1040 1342 errorem'
1091 1282 1432 1343 arbitratur.
1525 1282 1750 1343 Eorum
1796 1284 1980 1363 igitur
2025 1282 2319 1343 malorum
2353 1285 2416 1342 in
2458 1301 2576 1343 una

215 1372 438 1431 virtute
485 1372 676 1450 posita
724 1373 950 1431 sanatio
999 1379 1108 1433 est.

393 1458 548 1530 Quid
606 1466 806 1520 autem
870 1467 962 1520 est
1017 1478 1137 1520 non
1204 1461 1484 1521 miserius
1541 1460 1763 1541 solum,
1828 1458 1933 1520 sed
1991 1459 2225 1520 foedius
2282 1460 2459 1519 etiam
2516 1466 2578 1519 et
2602 1454 2682 1518 16

212 1546 542 1608 deformius
591 1566 769 1626 quam
818 1537 1191 1653 aegritudine
1239 1550 1373 1652 quis
1420 1547 1714 1629 adflictuS,
1759 1547 2120 1629 debilitatus,
2166 1544 2410 1609 iacens?
2466 1547 2576 1609 Cui

213 1637 491 1697 miseriae
538 1654 870 1716 proxumus
919 1644 1046 1697 est.
1032 1639 1126 1718 .is,
1162 1639 1267 1740 qui
1305 1636 1787 1717 adpropinquans
1826 1636 2062 1715 aliquod
2100 1636 2322 1697 malum
2360 1639 2573 1697 metuit

211 1727 703 1803 exanimatusque
750 1724 971 1805 pendet
1017 1727 1213 1786 animi.
1308 1725 1499 1796 Quam
1545 1727 1664 1786 vim
1721 1724 1858 1785 mali
1915 1727 2318 1806 significantes
2363 1731 2574 1806 poetae

209 1813 539 1894 inpendere
578 1813 736 1892 apud
780 1815 1007 1875 inferos
1054 1828 1262 1875 saxum
1309 1814 1558 1875 Tantalo
1604 1814 1835 1874 faciunt

426 1908 513 2000 O'b
558 1942 798 1999 scelera
848 1942 1156 2013 animique
1201 1937 1598 2015 inpotentiam
1645 1936 1706 1998 e't
1749 1938 2386 2014 superbiloquentiam.

207 2061 289 2121 Ea
345 2063 684 2122 communis
737 2080 930 2140 poena
987 2061 1272 2122 stultitiae
1330 2071 1449 2142 est3
1511 2061 1790 2123 omnibus
1847 2064 2032 2143 enim,
2092 2081 2346 2141 quorum
2402 2080 2575 2123 mens

208 2149 492 2211 abhorret
538 2169 571 2209 a
617 2153 873 2231 ratione,
922 2168 1159 2229 semper
1205 2150 1389 2230 aliqui
1433 2151 1568 2212 talis
1614 2158 1810 2211 terror
1857 2151 2164 2232 inpendet.
2258 2153 2453 2230 Atque
2501 2160 2568 2212 ut
2590 2163 2659 2212 36

207 2238 353 2300 haec
420 2238 691 2300 tabificae
757 2241 973 2301 mentis
1036 2239 1520 2319 perturbationes
1577 2247 1742 2321 sunt,
1810 2239 2244 2320 aegritudinem
2311 2240 2444 2300 dico
2512 2250 2572 2302 et

211 2338 455 2410 metum,
503 2331 590 2390 sic
636 2329 950 2390 hilariores
995 2328 1148 2411 illae,
1195 2329 1491 2409 cupiditas
1538 2328 1707 2390 avide
1750 2348 1987 2409 semper
2025 2329 2249 2409 aliquid
2288 2336 2572 2409 expetens

210 2427 267 2479 et
311 2420 509 2479 inanis
557 2417 856 2507 alacritaS,
912 2417 972 2479 id
1030 2425 1122 2478 est
1182 2418 1405 2480 laetitia
1450 2421 1742 2498 gestienS,
1803 2437 1923 2478 non
1977 2419 2233 2480 multum
2290 2419 2574 2480 differunt

209 2506 279 2566 ab
324 2508 603 2567 amentia.
693 2505 784 2567 Ex
831 2525 949 2587 quo
996 2505 1362 2586 intellegitur
1412 2507 1603 2586 qualis
1648 2506 1747 2568 ille
1795 2509 1897 2587 sit,
1957 2526 2136 2587 quem
2195 2516 2321 2568 tum
2371 2508 2569 2573 mode·

207 2603 433 2675 ratum,
498 2594 639 2656 alias
704 2595 1065 2677 modestum,
1130 2603 1253 2656 tum
1310 2602 1759 2676 temperantem,
1818 2595 1962 2656 alias
2008 2604 2380 2657 constantem
2428 2613 2567 2656 con-

197 2749 480 2817 prudens,
543 2752 874 2816 temperata,
928 2748 1120 2815 fortis,
1183 2750 1336 2804 iusta
1445 2748 1596 2803 bam.-
1632 2763 1729 2819 eqo
1753 2748 1883 2803 volu
1922 2753 2087 2803 tatem
2114 2750 2294 2804 animi
2325 2750 2574 2803 nimiam.

205 2820 383 2886 ratic,
430 2835 519 2873 wo
557 2817 808 2873 dadurch
853 2818 944 2872 die
981 2817 1102 2874 vier
1138 2818 1334 2874 Kardi-
1443 2818 1662 2874 Daraus
1717 2819 1819 2873 hat
1912 2820 2102 2886 entley
2158 2820 2267 2874 den
2313 2820 2454 2874 Vers
2512 2836 2574 2875 so

205 2889 592 2971 naltngenden
627 2888 1020 2944 umschrieben
1058 2889 1200 2943 sind.
1444 2888 1802 2976 hergeetelltf
1856 2875 1981 2959 qu
2026 2891 2360 2960 voluptatem
2397 2892 2578 2945 animi

275 2962 501 3016 malitia
544 2959 623 3014 iet
666 2960 760 3015 bei
797 2959 906 3015 Cic.
948 2960 1038 3014 ein
1089 2960 1125 3014 S
1126 2976 1337 3030 yn-ony
1444 2961 1680 3015 nimiam
1734 2963 2005 3015 summum
2057 2977 2167 3016 esee
2210 2977 2444 3017 errorem
2489 2964 2578 3017 άν-

209 3049 340 3087 mon
375 3048 491 3087 von
519 3031 781 3099 perfidia,
818 3031 888 3086 de
926 3031 1077 3086 deor.
1113 3032 1229 3087 nat.
1258 3031 1339 3085 111
1447 3032 1651 3087 bitror.-

213 3108 297 3170 30,
337 3108 410 3157 75
456 3107 534 3156 eet
579 3103 724 3156 enim
769 3103 987 3158 malitia
1033 3107 1254 3158 versuta
1291 3109 1341 3158 et
1519 3102 1661 3172 Kap.
1685 3101 1783 3157 16.
1827 3101 2097 3158 Tantalo:
2132 3103 2300 3157 Diese
2336 3118 2446 3157 von
2479 3103 2579 3158 der

208 3173 394 3239 fallam
430 3174 579 3228 ratio
614 3174 862 3228 nocendi.
1447 3172 1851 3228 Homerischen
1870 3172 2192 3244 Erzahlung
2211 3172 2337 3243 (od.
2349 3173 2427 3227 XI
2449 3176 2575 3243 582)

283 3245 680 3314 inpotentiam,
734 3244 900 3298 daffir
943 3244 1187 3299 braucht
1223 3243 1336 3301 Cic.
1446 3243 1848 3299 abweichende
1886 3242 2254 3314 Daretellung
2290 3244 2390 3299 der
2429 3244 2577 3313 Saga

211 3314 290 3367 III
327 3320 489 3384 8,17
526 3317 891 3385 ηεᾳαάτίαω-
928 3314 1086 3370 Allee
1121 3316 1182 3370 in
1219 3315 1337 3371 die·
1445 3314 1525 3369 ist
1579 3314 1673 3369 bei
1726 3315 1833 3370 den
1890 3314 2275 3384 Philosophen
2335 3315 2426 3369 die
2481 3332 2576 3386 ge-

211 3401 328 3439 sem
364 3357 598 3456 kapitel
643 3388 877 3455 gesagte
924 3385 1003 3441 ist
1057 3404 1164 3440 nur
1213 3388 1337 3442 eine
1448 3385 1787 3440 wohnliche.
1861 3384 1953 3455 Vg
1954 3383 1991 3439 1
2034 3386 2102 3440 de
2149 3386 2240 3439 fin.
2281 3387 2306 3439 I
2356 3390 2449 3452 18,
2488 3392 2574 3441 60.

208 3455 658 3527 Wiederholnng
677 3472 788 3512 von
806 3454 999 3511 friiher
1022 3458 1333 3527 gesagtem.
1446 3456 1607 3512 Luor.
1656 3455 1734 3510 III
1783 3460 1903 3512 980.
1979 3445 2131 3512 Uber
2183 3458 2288 3510 den
2325 3457 2577 3512 Infinitiv

278 3533 364 3582 35.
388 3532 453 3582 ut
469 3528 616 3582 mm
633 3529 684 3582 ei
701 3532 930 3583 constet:
955 3529 1097 3583 stati:
1115 3527 1334 3583 desAb-
1444 3528 1752 3596 impendere
1786 3526 1883 3581 bei
1915 3528 2055 3594 facit
2094 3544 2138 3584 s.
2177 3545 2220 3582 z.
2260 3527 2311 3582 V
2347 3532 2379 3594 ς
2418 3534 2535 3582 115.

208 3599 484 3653 sti-actum
521 3599 843 3682 impotentia
887 3597 1019 3653 tritt
1055 3598 1156 3654 das
1195 3597 1335 3654 Con·
1518 3597 1599 3652 Ob
1646 3599 1848 3653 seelera
1893 3599 2101 3653 animi.-
2151 3616 2265 3654 von
2299 3596 2574 3655 welchem

209 3670 427 3752 cretum
480 3672 534 3725 ie
587 3671 686 3739 qui
742 3671 1054 3738 inpotentia
1108 3671 1336 3737 affectus
1441 3668 1676 3724 Dichter
1703 3669 1805 3723 der
1833 3669 1974 3724 Vere
1999 3670 2094 3738 ist,
2121 3669 2200 3725 ist
2225 3671 2573 3726 unbekannt.

208 3745 283 3794 est
319 3739 428 3795 ein.
506 3739 721 3796 S.z.11
751 3746 916 3807 7,18.
955 3740 1004 3794 V
1034 3746 1122 3808 25,
1153 3747 1237 3796 70.
1266 3771 1333 3782 -—
1445 3739 1676 3794 Γλῶττα
1714 3735 2028 3804 ἀκόλαστος
2065 3743 2251 3812 geben
2297 3743 2443 3796 auch
2479 3741 2571 3796 die

206 3808 312 3864 Die
349 3811 549 3867 Worte
598 3812 892 3867 euthalten
937 3811 1063 3868 eine
1099 3811 1256 3882 Ansp
1256 3812 1334 3867 ie·
1442 3808 1722 3866 Griechen
1785 3812 1869 3866 als
1944 3813 2043 3868 das
2105 3812 2400 3882 Vergehen
2473 3812 2572 3867 des

204 3879 356 4006 liniq)
385 3881 485 3936 auf
517 3881 680 3938 einen
718 3883 858 3937 Vere
900 3882 998 3937 des
1034 3831 1332 3939 Komikere
1442 3881 1716 3936 Tantalus
1755 3899 1844 3939 an.

358 3967 443 4009 ea.
508 3952 636 4024 Vgl.
668 3952 737 4008 de
765 3954 857 4008 fin.
886 3954 938 4008 II
975 3958 1137 4019 4,14
1173 3959 1335 4010 tanta
1514 3958 1601 4007 36.
1639 3954 1799 4009 haee.-
1839 3972 1883 4008 s.
1922 3973 1970 4009 z.
2008 3954 2032 4007 Ι
2073 3960 2158 4020 11,
2197 3959 2282 4007 22.

207 4021 428 4078 laetitia
455 4029 650 4080 auctus
676 4040 816 4093 sum,
855 4029 920 4079 ut
947 4025 1092 4079 nim
1119 4030 1336 4083 constet.
1519 4025 1792 4093 tabificae,
1827 4025 1942 4096 vgl.
1963 4024 2152 4094 11113,
2173 4029 2240 4078 27
2278 4025 2371 4078 sed
2398 4026 2573 4093 aeqri-

277 4093 403 4160 ille,
451 4094 612 4164 jener
664 4095 724 4149 in
769 4066 870 4149 d’er
915 4092 1191 4151 Komodie
1238 4096 1337 4151 dee
1446 4095 1582 4151 tudo
1625 4098 1844 4152 maiora
1879 4097 2174 4165 quaedam.
2210 4096 2410 4163 tabem,
2450 4112 2573 4151 cru-

208 4162 449 4222 Trabea.
506 4165 557 4221 S.
597 4166 670 4221 ad
706 4165 838 4220 fam.
875 4165 930 4220 II
968 4170 1021 4234 9,
1062 4172 1093 4220 2
1131 4168 1196 4221 in
1230 4183 1338 4237 quo
1445 4167 1672 4235 ciatum,
1713 4168 2157 4236 afflictationem,
2193 4166 2520 4233 foeditatem

212 4250 335 4289 cum
371 4236 711 4306 obiurqarer,
747 4238 894 4307 quod
928 4237 1102 4293 nimio
1126 4239 1336 4308 qaudio
1516 4239 1579 4293 id
1624 4245 1728 4307 eet,
1789 4238 1960 4293 ‘deun
2011 4238 2112 4292 das
2161 4236 2336 4294 heisst
2380 4237 2570 4292 doch'.

204 4320 380 4374 paene
434 4307 752 4377 desiperem,
809 4310 891 4364 ita
945 4324 1029 4364 me
1080 4309 1333 4377 defende·
1445 4307 1499 4364 S.
1540 4327 1609 4363 zu
1646 4308 1726 4364 III
1765 4314 1848 4378 27,
1887 4314 1973 4366 65.
