2902 4649
276 136 362 201 38
1059 137 1134 195 M.
1173 138 1421 194 TULLII
1459 139 1849 196 CICERONIS

274 304 483 365 dianae
530 305 710 366 neces
756 308 1155 387 interitusque
1204 307 1532 414 multorum
1580 307 1948 370 sedationem
1995 310 2304 371 maerendi
2340 310 2638 393 adferunt,

276 393 434 472 apud
480 412 657 474 quem
704 398 785 456 ita
832 396 1079 458 dicitur.

542 504 817 579 Namque
860 507 1039 564 nimis
1082 507 1299 565 multos
1345 509 1531 580 atque
1575 508 1741 566 omni
1783 509 1922 567 luce
1967 509 2259 568 cadentes

542 596 865 669 cernimus,
910 598 983 653 ut
1024 610 1198 654 nemo
1235 595 1433 670 possit
1473 612 1759 656 maerore
1802 613 2051 657 vacare.

549 682 679 753 Quo
725 686 921 759 maqis
968 688 1060 743 est
1102 699 1365 758 aequum
1410 686 1655 745 tumulis
1699 686 2000 745 mandare
2036 692 2382 763 peremptos

531 773 714 843 firmo
762 774 963 833 animo
1009 778 1071 833 et
1114 775 1341 833 luctum
1386 775 1664 834 lacrimis
1701 775 1891 845 finire
1937 775 2195 835 diurnis.

184 908 252 957 66
271 894 430 975 Ergo
476 897 538 955 in
585 903 878 974 potestate
927 903 1020 957 est
1064 895 1299 957 abicere
1348 896 1632 978 dolorem,
1679 915 1817 958 cum
1865 897 2026 979 veliS,
2072 901 2334 978 tempori
2370 901 2634 984 servien-

273 991 411 1045 tem.
459 985 550 1044 An
596 992 689 1045 est
733 984 918 1046 ullum
975 994 1238 1067 tempus,
1295 986 1575 1063 quoniam
1633 985 1875 1065 quidem
1931 1004 2031 1048 res
2086 989 2149 1048 in
2204 996 2408 1048 nostra
2462 998 2630 1068 pote·

272 1081 423 1134 state
472 1081 581 1153 est,
627 1075 725 1134 cui
772 1092 892 1135 non
937 1074 1246 1154 ponendae
1293 1092 1473 1136 curae
1513 1075 1997 1154 ‹et-aegritudinis
2036 1094 2216 1137 causa
2252 1073 2632 1138 serviamus?

274 1161 593 1223 Constabat
640 1180 762 1242 eoS,
817 1166 922 1243 qui
958 1162 1372 1224 concidentem
1407 1163 1752 1224 volneribus
1791 1163 1895 1226 Cn.
1931 1164 2282 1245 Pompeium
2317 1166 2625 1247 vidissent,

272 1269 411 1312 cum
464 1254 527 1312 in
579 1249 681 1311 illo
737 1254 868 1331 ipso
925 1251 1309 1314 acerbissimo
1374 1254 1833 1333 miserrimoque
1889 1255 2229 1334 spectaculo
2287 1254 2402 1316 sibi
2456 1258 2627 1316 time-

271 1348 426 1420 rent,
473 1339 631 1418 quod
680 1359 744 1401 se
790 1340 980 1402 ciasse
1026 1340 1290 1402 hostium
1337 1342 1735 1403 circumfusos
1782 1342 2069 1424 viderent,
2114 1343 2263 1404 nihil
2304 1343 2463 1405 aliud
2502 1351 2630 1405 tum

272 1431 465 1508 egisse
528 1431 644 1489 nisi
703 1438 772 1491 ut
830 1432 1086 1509 remiges
1146 1431 1535 1491 hortarentur
1594 1439 1656 1491 et
1712 1439 1783 1491 ut
1843 1431 2093 1493 salutem
2154 1431 2630 1512 adipiscerentur

270 1517 436 1598 fuga3
492 1527 698 1597 postea
756 1536 936 1597 quam
989 1518 1216 1598 Tyrum
1270 1520 1604 1598 venissent,
1668 1528 1799 1580 tum
1854 1519 2143 1582 adflictari
2199 1521 2628 1602 lamentarique

269 1607 559 1686 coepisse.
651 1607 854 1667 Timor
901 1610 1084 1687 igitur
1132 1607 1202 1668 ab
1250 1606 1345 1668 his
1392 1608 1824 1687 aegritudinem
1872 1611 2068 1688 potuit
2113 1611 2433 1691 repellere,
2479 1614 2629 1672 ratio

271 1693 345 1754 ab
393 1697 646 1774 sapienti
690 1698 818 1756 viro
865 1716 985 1757 non
1029 1691 1300 1776 poterit?

163 1782 248 1846 28
451 1783 607 1854 Quid
680 1792 772 1845 est
845 1793 1042 1846 autem
1109 1785 1268 1864 quod
1343 1785 1480 1865 plus
1545 1786 1732 1847 valeat
1797 1786 1870 1847 ad
1933 1786 2278 1866 ponendum
2342 1787 2628 1870 dolorem,
2700 1787 2715 1802 '

273 1890 449 1950 quam
506 1891 642 1933 cum
701 1884 793 1934 est
845 1874 1215 1934 intellectum
1272 1873 1355 1934 nil
1408 1875 1622 1954 profici
1677 1884 1739 1936 et
1781 1875 2005 1936 frustra
2053 1893 2183 1936 esse
2233 1874 2627 1957 susceptum?

270 1960 333 2021 Si
378 1961 561 2042 igiulr
609 1961 825 2042 deponi
870 1969 1085 2066 potest,
1133 1965 1310 2023 etiam
1356 1980 1476 2023 non
1525 1965 1750 2042 suscipi
1796 1971 2009 2043 potest.
2085 1964 2397 2026 Voluntate
2435 1967 2622 2045 igitur

180 2065 246 2114 67
269 2057 329 2110 et
388 2049 608 2110 iudicio
665 2053 889 2132 suscipi
943 2052 1377 2156 aegritudinem
1432 2053 1837 2131 confitendum
1893 2061 2001 2114 est.
2092 2052 2278 2133 quue
2323 2053 2624 2116 indicatur

268 2156 477 2199 eorum
524 2141 823 2221 patientia,
875 2143 976 2220 qui
1023 2159 1160 2201 cum
1205 2140 1391 2202 multa
1438 2143 1559 2202 sint
1606 2160 1783 2221 saepe
1820 2144 2109 2223 perpessi,
2155 2141 2385 2204 facilius
2423 2144 2630 2205 ferunt

267 2227 549 2306 quicquid
611 2228 851 2310 accidit,
920 2228 1394 2308 obduruisseque
1464 2232 1582 2291 iam
1642 2248 1775 2291 sese
1836 2238 2044 2292 contra
2109 2232 2410 2292 fortunam
2472 2231 2628 2293 arhi-

265 2324 521 2398 trantur,
571 2324 636 2378 ut
680 2318 779 2379 ille
827 2317 982 2398 apud
1029 2317 1403 2399 Euripidem.

669 2426 741 2485 Si
782 2422 933 2486 mihi
975 2443 1139 2486 nunc
1185 2429 1377 2486 tristis
1414 2423 1683 2503 primum
1733 2394 2055 2489 inluxisset
2100 2429 2231 2489 dies

667 2533 780 2574 nec
827 2522 951 2574 tam
999 2512 1359 2575 aerumnoso
1406 2512 1850 2590 ndviqavissem
1894 2520 2042 2592 sale,

667 2602 822 2663 esse't
866 2605 1113 2664 dolendi
1156 2602 1366 2678 caiisa,
1412 2611 1483 2664 ut
1527 2607 1748 2666 iniecto
1795 2603 1995 2667 eculei

267 2827 434 2881 sucht
488 2825 552 2881 Il.
594 2825 727 2880 XIX
782 2832 886 2882 226
943 2825 1067 2897 Ody
1069 2843 1224 2883 sseus
1280 2827 1389 2882 den
1497 2829 1645 2884 tione
1679 2829 2025 2898 adipiscendi
2059 2832 2420 2900 mayistratus
2456 2838 2508 2887 ει
2531 2849 2623 2904 ye-

267 2896 521 2953 Aehilles
555 2897 696 2952 iiber
743 2897 854 2952 den
891 2899 1012 2954 Tod
1029 2845 1157 2954 ydes
1193 2899 1388 2954 Patro·
1496 2900 1672 2954 reuda
1706 2917 1793 2955 res
1818 2902 2052 2969 publica
2086 2908 2179 2959 εει.

269 2968 399 3022 klus
437 2987 504 3022 zu
539 2968 864 3054 beruhigen.
921 2971 1065 3056 Αίην
1110 2965 1219 3039 γὰρ
1256 2973 1389 3057 πολ·
1574 2971 1800 3043 Tyrum.
1873 2971 2046 3027 Cesar
2079 2976 2353 3030 zet-storto
2388 2974 2624 3030 decha-lb

269 3039 358 3093 λοὶ
420 3039 519 3094 καὶ
583 3035 878 3127 ἐπήτριμοι
947 3035 1139 3127 ἤματα
1202 3038 1389 3095 πάντα
1497 3042 1607 3096 den
1636 3041 1872 3112 Tempel
1899 3043 1997 3097 des
2025 3044 2302 3101 Herakles
2334 3045 2396 3100 ιιι
2423 3046 2606 3116 Tyrus

267 3112 596 3165 πίπτουσιν·
646 3107 785 3166 πότε
832 3111 934 3166 κέν
980 3131 1064 3173 τις
1100 3106 1387 3166 ἀναπνεύ-
1497 3112 1626 3168 weil
1680 3113 1772 3167 die
1824 3114 2021 3183 Tyrier
2044 3116 2299 3198 Pompej
2302 3117 2384 3171 us'
2424 3064 2623 3173 Θαιιιιι

267 3200 382 3237 σειε
448 3179 679 3249 πόνοιος
744 3177 885 3237 ἀλλὰ
950 3178 1053 3270 χρὴ
1119 3179 1219 3236 τὸν
1284 3180 1390 3253 μὲν
1499 3182 1758 3239 Cornelia
1812 3185 1927 3239 und
1978 3187 2172 3242 seinen
2218 3187 2372 3242 Sohn
2419 3188 2620 3245 Sextus

265 3223 728 3324 καταθάπτεμεν,
750 3248 812 3316 ὅς
832 3272 894 3308 κε
924 3251 1193 3340 θάνῃσιν,
1210 3253 1388 3340 νηλέα
1498 3254 1930 3326 ausgenommen
1994 3257 2209 3313 hatten.
2299 3258 2408 3314 Dio
2473 3259 2621 3315 Cass·

263 3322 458 3395 θυμὸν
506 3323 765 3395 ἔχοντας,
815 3320 908 3379 ἐπ’
956 3319 1131 3395 ἤματι
1178 3320 1381 3394 dano&-
1496 3331 1593 3395 42,
1639 3332 1725 3380 49
1802 3327 1855 3381 Ν
1856 3327 1963 3382 ach
2006 3326 2199 3383 Livius
2247 3330 2380 3400 epit.
2428 3348 2476 3386 c.
2517 3337 2542 3385 1
2555 3336 2620 3387 12

266 3412 493 3459 σαντας.
1495 3369 1610 3451 unt’l
1646 3398 1838 3453 Lucan
1873 3399 1952 3453 IX
1992 3405 2091 3456 117
2139 3399 2326 3456 flohen
2371 3402 2461 3456 die
2511 3401 2621 3458 Ge-

340 3500 424 3549 66.
463 3493 560 3547 An
595 3500 672 3548 εει
706 3495 881 3549 ullum
908 3499 1117 3563 tempus
1144 3497 1249 3550 eet.
1312 3495 1387 3548 Es
1495 3467 1723 3523 ΜΘΗ
1757 3469 1856 3524 ‘³⁰⁸
1891 3471 2192 3541 Pompejm
2225 3473 2370 3527 nach
2401 3472 2622 3543 Cypem

263 3564 427 3689 ιιι
462 3563 1235 3691 ιιιιιιιιὲιέιιξ
1253 3583 1387 3691 :²2³
1496 3539 1716 3595 ΨΜ
1651 3609 1846 3680 2⁸
1922 3618 2007 3667 ω
2054 3614 2148 3668 αι.
2193 3632 2268 3684 a
2270 3616 2350 3670 ...ι
2384 3614 2622 3685 m.-

265 3704 526 3775 Folglieh
570 3705 647 3759 ist
692 3705 784 3761 die
829 3706 1253 3762 Bekiimmemis
1302 3710 1383 3762 et·
1495 3683 1640 3737 dem*
1651 3626 1812 3737 ΡΑΠΒ
1869 3683 1996 3738 dem
2041 3684 2085 3738 P
2088 3632 2280 3740 hfflflss
2328 3704 2370 3742 ⁸·
2417 3687 2622 3742 Nauck

264 3792 382 3830 was
431 3792 545 3833 von
602 3792 861 3832 unserem
907 3776 1116 3832 Willen
1176 3779 1387 3834 abhan—
1494 3753 1561 3808 fr·
1596 3758 1729 3809 8¹8·

265 3847 443 3919 giges·
1497 3821 1554 3878 εἰ
1596 3823 1702 3894 μὲν
1747 3820 1872 3879 τόδ’
1923 3818 2074 3896 ἦμαρ
2121 3829 2347 3896 πρῶτον
2390 3820 2466 3897 ἦν
2517 3847 2620 3884 κα·

338 3937 639 4005 constabat,
681 3937 764 3992 ‘es
803 3937 989 3993 wurde
1027 3937 1245 3993 damals
1284 3938 1386 3993 all·
1495 3964 1593 4020 καὶ
1656 3961 1770 4037 μὴ,
1833 3965 2061 4039 μακρὰν
2123 3899 2395 4058 ἔζυιέέιὶω
2423 3967 2621 4027 κόψω,

265 4007 488 4079 gemein
524 4007 837 4079 geglaubt’.
2135 4036 2533 4131 ἐραυσςόιουν,

339 4106 790 4175 adipiscerentm,
814 4107 903 4161 ‘zu
931 4107 1198 4177 erlangen
1224 4109 1385 4162 such-
1496 4105 1650 4171 εἰκὸς
1676 4105 1993 4197 σφαδάζειν
2011 4103 2101 4200 ἦν
2137 4107 2230 4182 ἄν,
2261 4107 2336 4176 ὥς
2372 4085 2577 4185 νεόζνγ

265 4178 408 4232 ιειι’.
471 4176 550 4231 IV
580 4183 727 4247 6,12
766 4180 841 4234 ad
875 4179 939 4234 id
970 4179 1388 4249 admiscendum
1494 4180 1682 4235 πῶλον
1723 4179 1956 4268 χαλινὸν
1991 4179 2200 4255 αρτίως
2215 4134 2622 4275 decemimus-⁵

265 4249 497 4317 impellit
539 4251 658 4319 ipse
700 4256 925 4305 namra.
1000 4250 1069 4306 de
1107 4249 1199 4306 off.
1236 4250 1264 4303 Ι
1299 4256 1386 4319 21,
1495 4251 1602 4306 νῦν
1648 4247 1706 4306 δ’
1756 4246 1901 4325 αμβλ
1904 4274 1974 4317 υς
2030 4253 2146 4326 εἰμι
2199 4276 2300 4310 και
2341 4277 2621 4327 κατηρτυ-

268 4325 336 4374 72
373 4322 466 4376 sed
502 4323 579 4376 eis
615 4353 682 4363 —
720 4323 932 4378 abiecta
978 4323 1128 4378 omni
1163 4327 1385 4378 cuncta-
2135 4323 2246 4390 κώς
2281 4329 2493 4383 xantiu-
