2902 4649
500 148 1104 207 TUSCULANARUM
1139 149 1758 207 DISPUTATIONUM
1792 151 1889 207 IV.
1928 156 2157 207 53—55.
2426 151 2508 216 79

172 318 490 397 imperatori
550 324 653 378 aut
712 319 936 378 oratori
998 326 1244 398 quaerat
1291 318 1525 397 *aliquid
1584 336 1782 396 neque
1844 335 1946 378 eos
2007 319 2328 379 existumet
2374 319 2503 378 sine

175 405 317 467 rabie
362 408 676 485 quicquam
723 406 963 467 fortiter
1008 408 1205 468 facere
1251 403 1476 486 posse?
1568 402 1768 477 Quid?
1860 406 2076 487 Stoici,
2136 408 2241 486 qui
2299 418 2599 476 omnes54

174 496 500 575 insipientes
558 496 802 556 insanos
870 512 1003 556 esse
1063 495 1298 576 dicunt,
1364 513 1564 557 nonne
1627 498 1742 557 ista
1807 493 2158 575 conligunt?
2247 494 2509 556 Remove

171 582 628 663 perturbationes
667 601 1062 663 maxumeque
1098 585 1499 666 iracundiam,
1545 587 1661 646 iam
1700 583 2064 645 videbuntur
2109 592 2376 644 monstra
2422 584 2508 644 di·

173 689 308 733 cere.
394 671 566 733 Nunc
612 680 814 733 autem
860 674 941 733 ita
988 673 1320 755 disserunt,
1378 675 1466 735 sic
1515 691 1578 734 se
1625 673 1826 734 dicere
1883 690 2093 733 omnes
2153 671 2369 734 stultos
2424 675 2510 732 in-

172 761 372 841 sanire,
416 766 486 821 ut
531 760 681 821 male
728 760 891 822 olere
940 779 1116 823 omne
1163 780 1434 824 caenum.
1525 763 1602 823 At
1645 780 1770 822 non
1817 780 2072 841 semper.
2165 760 2511 821 Commove:

171 851 387 910 senties,
471 848 571 910 Sic
608 849 935 911 iracundus
981 869 1101 911 non
1150 869 1387 932 semper
1425 854 1618 912 iratus
1661 858 1781 931 est3
1828 850 2081 911 lacesse:
2126 852 2242 910 iam
2282 848 2512 910 videbis

170 938 463 999 furentem.
535 934 736 1008 Quid?
780 941 894 1000 ista
933 938 1206 1001 bellatrix
1243 940 1579 1020 iracundia,
1619 957 1756 1000 cum
1795 938 2037 1000 domum
2075 937 2281 1019 rediit,
2319 937 2511 1017 qualis

171 1035 251 1087 est
300 1044 434 1088 cum
492 1044 708 1109 uxore,
774 1045 911 1089 cum
966 1027 1200 1111 liberis,
1263 1046 1403 1089 cum
1465 1024 1729 1089 familia?
1792 1046 1865 1088 an
1929 1035 2060 1088 tum
2119 1044 2359 1106 quoque
2421 1033 2514 1086 est

169 1112 356 1176 utilis?
443 1114 553 1177 Est
612 1117 799 1194 igitur
858 1116 1106 1199 aliquid,
1178 1117 1336 1197 quod
1394 1116 1745 1197 perturbata
1817 1134 1987 1177 mens
2050 1115 2263 1178 melius
2321 1117 2554 1194 possit‘

170 1204 348 1265 facere
386 1222 566 1283 quam
613 1202 938 1266 constans?
984 1224 1059 1266 an
1096 1208 1413 1285 quisquam
1451 1212 1654 1285 potest
1690 1207 1820 1266 sine
1857 1204 2310 1285 perturbatione
2350 1220 2512 1264 men-

173 1293 242 1352 tis
281 1288 499 1353 irasci?
589 1287 752 1353 Bene
792 1296 975 1373 igitur
1011 1297 1229 1377 nostri,
1276 1313 1412 1355 cum
1454 1296 1650 1355 omnia
1689 1301 1893 1355 essent
1937 1294 1999 1353 in
2048 1291 2317 1353 moribus
2354 1293 2513 1373 vitia,

173 1380 315 1459 quod
360 1380 592 1442 nullum
630 1390 760 1443 erat
803 1382 1111 1444 iracundia
1150 1382 1410 1463 foediuS,
1458 1382 1778 1444 iracundos
1818 1382 1976 1443 solos
2014 1398 2286 1441 morosos
2323 1381 2511 1440 nomi·

168 1479 459 1531 naverunt.
552 1468 869 1532 Oratorem
914 1490 1054 1533 vero
1101 1473 1282 1532 irasci
1337 1474 1580 1533 minime
1640 1471 1840 1551 decet,
1896 1469 2177 1531 simulare
2234 1487 2353 1529 non
2412 1468 2511 1528 de·
2533 1443 2622 1507 25

171 1556 341 1619 decet.
433 1558 524 1618 An
572 1557 682 1618 tibi
726 1562 906 1621 irasci
951 1568 1080 1621 tum
1125 1559 1425 1642 videmur,
1478 1579 1616 1622 cum
1661 1560 1806 1639 quid
1853 1561 1915 1620 in
1963 1560 2160 1621 causis
2208 1559 2406 1619 acrius
2454 1564 2515 1617 et

174 1646 580 1709 vehementius
617 1645 916 1709 dicimus?
1008 1645 1208 1720 Quid?
1255 1667 1394 1710 cum
1438 1651 1559 1710 iam
1612 1647 1797 1710 rebus
1852 1650 2171 1709 transactis
2230 1654 2291 1707 et
2342 1664 2512 1726 prae·

171 1736 347 1796 teritis
392 1737 697 1797 orationes
745 1736 1064 1798 scribimus
1072 1784 1091 1818 ,
1138 1756 1284 1799 num
1330 1739 1469 1798 irati
1517 1733 1880 1799 scribimus?

693 1831 950 1936 &cquis
994 1865 1111 1923 hoc
1157 1861 1635 1924 animadvertit?
1681 1864 1938 1923 vincite!

169 1963 309 2025 Num
352 1975 455 2027 aut
503 1967 696 2045 egisse
745 1984 1029 2045 umquam
1075 1968 1296 2027 iratum
1340 1967 1645 2046 Aesopum
1700 1974 1804 2027 aut
1850 1969 2164 2047 scripsisse
2213 1969 2515 2028 existimas

169 2055 365 2115 iratum
403 2050 697 2115 Accium?
787 2054 1062 2143 Aguntur
1099 2056 1211 2116 ista
1248 2055 1554 2134 praeclare
1602 2062 1665 2115 et
1710 2055 2060 2116 abforatore
2102 2055 2342 2134 quidem
2389 2073 2514 2116 me-

168 2139 295 2222 lius,
358 2146 410 2203 si
474 2143 652 2204 modo
719 2153 812 2203 est
875 2150 1105 2222 orator,
1171 2162 1349 2222 quam
1395 2142 1470 2204 ab
1516 2142 1639 2204 ullo
1698 2143 2019 2224 histrione,
2084 2142 2188 2203 sed
2255 2150 2516 2223 aguntur

169 2228 363 2292 leniter
411 2240 472 2293 et
519 2239 721 2292 mente
768 2231 1104 2311 tranquilla.

1376 2231 1712 2293 Libidinem
1751 2249 1892 2293 vero
1931 2231 2172 2292 laudare
2210 2233 2383 2293 cuius
2422 2242 2516 2292 est

168 2317 455 2382 libidinis?
548 2321 1012 2382 Themistoclem
1077 2320 1222 2383 mihi
1289 2329 1350 2383 et
1411 2320 1857 2383 Demosthenen
1921 2321 2232 2401 profertis:
2298 2319 2514 2385 additis

168 2474 237 2528 tio
283 2476 724 2531 enodationis
778 2476 1048 2545 indimus.
1124 2474 1277 2531 Orat.

169 2548 244 2613 33,
282 2551 380 2611 116
421 2548 705 2603 involutae
754 2548 840 2601 rei
891 2548 1096 2603 notitia
1148 2547 1278 2614 defi-

167 2616 353 2672 niendo
387 2619 765 2687 aperienda
801 2623 892 2672 est.

229 2695 451 2756 quaerat
516 2690 759 2759 aliquid,
813 2690 1074 2743 wfinsoht
1128 2688 1279 2743 noch

169 2758 327 2814 etwas
372 2760 573 2826 hinnu,
634 2759 886 2814 nitmlich
940 2758 1126 2814 ausser
1177 2760 1280 2814 der

166 2828 516 2886 besonnenen
543 2830 874 2900 Tapterkeit
917 2831 1066 2886 noch
1115 2831 1275 2885 Zorn.

231 2905 310 2955 54.
373 2904 487 2957 ista
548 2903 859 2972 conligunt.-
925 2902 1006 2957 sie
1037 2929 1039 2932 >
1076 2900 1280 2956 stellen

168 2969 323 3040 alles,
349 2990 465 3027 was
495 2972 635 3027 iiber
663 2973 755 3027 die
773 2971 1278 3042 Vernunftwidrig-

167 3039 278 3096 keit
319 3044 417 3098 des
454 3044 659 3099 Zornes
704 3062 773 3097 zu
820 3060 995 3114 sagen
1040 3043 1139 3111 ist,
1185 3062 1280 3098 zu·

171 3126 433 3181 sammen,
482 3131 649 3168 wenn
693 3113 773 3169 sie
823 3114 915 3169 ihr
949 3114 1281 3170 Paradoxon

168 3175 394 3309 &aar
430 3204 638 3311 aa?
659 3184 1283 3313 ratramus

169 3327 484 3383 wesentlich
532 3327 635 3382 auf
666 3328 795 3382 dem
831 3327 1107 3394 Beweise‚
1157 3327 1278 3382 dass

168 3395 269 3475 alle
303 3397 777 3453 Leidenschasten
810 3398 1280 3468 vemunftwidrig

169 3468 299 3522 sind.
369 3468 505 3540 Vgl.
542 3468 656 3525 cic.
694 3470 894 3525 Parad.
934 3469 1027 3524 IV.

232 3537 461 3596 Remove
487 3542 941 3611 perturbationes,
970 3540 1023 3595 d.
1043 3540 1081 3597 i.
1103 3541 1276 3611 zeige,

169 3606 283 3689 dass
330 3611 422 3666 die
458 3612 931 3668 Leidenschaften
972 3612 1135 3667 nicht
1178 3630 1279 3666 un-

168 3680 343 3749 sumig
378 3681 520 3737 sind.

230 3759 474 3809 monstra
517 3754 717 3821 dicere,
777 3753 1136 3822 ‘Unsinm‘ges
1191 3770 1277 3808 sa.-

168 3823 310 3889 gen'.
382 3823 592 3879 adAtt.
623 3824 701 3879 IV
723 3830 775 3894 7,
807 3832 834 3879 1
868 3825 1103 3880 Venerat
1128 3826 1279 3880 horis

168 3892 377 3949 duabus
404 3901 532 3950 ante
551 3896 924 3965 Chaerippus,
952 3913 1104 3951 mera
1129 3911 1277 3951 mon—

167 3968 276 4019 stra
309 3967 624 4022 πωηίίαόαΐ.

233 4034 489 4093 morosus.
564 4035 675 4093 Cic.
716 4037 956 4107 spi-ioht,
1007 4038 1091 4092 als
1131 4042 1278 4092 ware

171 4102 256 4160 die
304 4106 824 4178 Grundbedeutung
874 4126 987 4165 von
1033 4124 1280 4164 morosus

174 4176 525 4248 ‘unsittlioh’‚
599 4180 866 4236 wahrond
947 4180 1049 4235 das
1112 4181 1281 4235 Wort

171 4244 309 4302 doch
344 4252 627 4307 entweder
651 4267 762 4307 von
800 4251 899 4306 der
918 4250 1146 4305 Wurzel
1173 4269 1278 4321 μερ

172 4317 479 4377 abzuleiten
528 4322 631 4393 ist,
693 4339 807 4379 von
862 4323 964 4378 der
1017 4321 1279 4393 μέριμνα,

1388 2478 1705 2573 μερμξηρίζω
1733 2475 2075 2542 herkommt‚
2111 2475 2231 2558 also
2264 2475 2514 2545 ‘sorgen-

1386 2546 2249 2688 Zsssscabzi‘ssffissznfissssssffst
2311 2560 2515 2612 '’²⁰''“⁸’

1459 2706 1601 2775 Καρ.
1641 2705 1739 2761 25.
1816 2710 1900 2760 55.
1956 2706 2246 2773 simulare,
2303 2723 2373 2759 zu
2429 2720 2514 2759 er-

1387 2783 1603 2847 gfinzen
1657 2775 1735 2830 ist
1788 2777 1974 2833 irasci.
2049 2776 2164 2831 Der
2213 2774 2344 2830 Satz
2390 2777 2514 2830 ent-

1386 2846 1521 2902 halt·
1592 2847 1717 2902 eine
1791 2846 2167 2902 bedenkliche
2244 2845 2513 2915 Ausrede,

1388 2919 1539 2973 denn
1583 2935 1747 2972 wenn
1793 2917 1892 2973 der
1937 2917 2131 2973 Affekt
2185 2917 2364 2972 selbst
2419 2935 2516 2971 un·

1389 2989 1606 3044 sittlich
1663 2989 1767 3057 ist,
1825 3005 1887 3045 so
1932 2990 2009 3045 ist
2056 2990 2167 3044 den
2201 2987 2396 3044 Affekt
2448 3006 2516 3043 zu

1386 3060 1671 3115 bencheln
1696 3059 1857 3114 nicht
1882 3060 2105 3115 minder
2129 3060 2512 3116 tadelnswert.

1341 3128 1348 3134 ’
1386 3119 1668 3201 Ubrigens
1722 3130 1858 3186 laist
1911 3131 2022 3187 Cic.
2082 3132 2192 3186 den
2236 3130 2514 3185 Antonius

1390 3202 1461 3258 de
1517 3219 1595 3258 or.
1652 3202 1709 3255 II
1753 3207 1850 3272 45,
1901 3207 2003 3257 189
2059 3218 2257 3272 sagea:
2313 3216 2375 3255 er
2429 3201 2517 3254 sei

1388 3275 1593 3329 immet·
1635 3290 1748 3328 von
1794 3274 1904 3327 den
1942 3272 2199 3328 Affekten
2245 3271 2362 3325 und
2410 3271 2513 3325 Ge-

1387 3344 1586 3400 fuhlen
1623 3343 1817 3398 erfiillt
1851 3360 2134 3414 gewesen‚
2184 3342 2275 3396 die
2313 3358 2375 3396 er
2418 3342 2514 3396 bei

1387 3415 1601 3471 andern
1635 3414 1785 3469 habe
1821 3414 2114 3468 erwecken
2149 3411 2375 3469 wollen.

1460 3519 1583 3558 cum
1634 3503 1748 3557 iam
1784 3533 1855 3542 —
1890 3502 2196 3557 scribimus.
2270 3502 2345 3556 Es
2399 3519 2515 3556 war

1388 3573 1560 3643 Sitte,
1609 3573 1699 3628 die
1746 3572 1943 3628 Reden
1987 3572 2096 3627 frei
2138 3572 2286 3627 nach
2332 3572 2515 3627 einem

1386 3644 1652 3700 Entwurf
1683 3663 1749 3698 zu
1785 3643 1985 3699 hulten
2030 3644 2145 3699 und
2192 3646 2309 3699 ers‘t
2342 3645 2514 3699 nach-

1386 3718 1491 3771 her
1527 3715 1843 3771 schriftlich
1884 3714 2324 3771 auszuarbeiten.

1457 3805 1681 3874 Ecquid
1732 3805 1859 3860 hoc:
1926 3804 2113 3860 ‘Wird
2153 3803 2349 3859 keiner
2394 3803 2513 3857 dies

1388 3876 1646 3932 ahnden?
1718 3874 1924 3931 Bindet
1978 3875 2121 3931 ihn.’
2208 3873 2317 3929 Ein
2372 3874 2513 3929 Vers

1388 3963 1488 4001 aus
1537 3946 1667 4003 dem
1713 3947 1917 4001 Atreus
1974 3946 2074 4001 des
2119 3944 2349 4012 Accius,
2407 3944 2514 3999 wie

1388 4018 1461 4072 de
1490 4035 1568 4074 or.
1606 4018 1686 4073 111
1723 4023 1810 4085 58,
1849 4023 1953 4073 217
1992 4017 2154 4086 zeigt.
2227 4001 2380 4088 tiber
2405 4017 2513 4069 Ao-

1387 4088 1508 4144 cius
1555 4107 1595 4144 s.
1645 4107 1689 4143 z.
1727 4089 1753 4143 I
1790 4093 1886 4157 28,
1934 4093 2030 4156 683
2075 4088 2215 4143 iiber
2264 4073 2419 4157 Asop
2467 4104 2513 4141 z.

1384 4160 1440 4214 Π
1459 4166 1743 4299 ῑὲἶὲαῗφῗέε,
1779 4230 1900 4285 hier
1938 4228 2404 4299 Zuchtlosigkeit.

1463 4321 1894 4388 Themistoclem,
1933 4337 1973 4376 s.
2018 4325 2111 4389 19,
2147 4323 2218 4373 44
2246 4318 2285 4372 f.

2533 1522 2603 1570 55
