<?xml version="1.0" encoding="UTF-8"?>
<!DOCTYPE html PUBLIC "-//W3C//DTD XHTML 1.0 Transitional//EN"
    "http://www.w3.org/TR/xhtml1/DTD/xhtml1-transitional.dtd">
<html xmlns="http://www.w3.org/1999/xhtml" xml:lang="en" lang="en">
 <head>
  <title>
</title>
<meta http-equiv="Content-Type" content="text/html;charset=utf-8" />
  <meta name='ocr-system' content='tesseract 3.04.00' />
  <meta name='ocr-capabilities' content='ocr_page ocr_carea ocr_par ocr_line ocrx_word'/>
</head>
<body>
  <div class='ocr_page' id='page_1' title='image "./ciceronistuscul00heingoog_0067.png"; bbox 0 0 2902 4649; ppageno 0'>
   <div class='ocr_carea' id='block_1_1' title="bbox 579 144 2551 252">
    <p class='ocr_par' dir='ltr' id='par_1_1' title="bbox 579 144 2551 252">
     <span class='ocr_line' id='line_1_1' title="bbox 579 144 2551 252; baseline 0.003 -16"><span class='ocrx_word' id='word_1_1' title='bbox 579 180 1181 237; x_wconf 80' lang='lat' dir='ltr'><strong>TUSCULANARUM</strong></span> <span class='ocrx_word' id='word_1_2' title='bbox 1214 181 1829 237; x_wconf 82' lang='lat' dir='ltr'>DISPUTATIONUM</span> <span class='ocrx_word' id='word_1_3' title='bbox 1865 184 1906 238; x_wconf 89' lang='lat'><strong>1.</strong></span> <span class='ocrx_word' id='word_1_4' title='bbox 1946 190 2174 240; x_wconf 84' lang='lat'><strong>57—61.</strong></span> <span class='ocrx_word' id='word_1_5' title='bbox 2467 144 2551 252; x_wconf 77' lang='lat'><strong>37</strong></span> 
     </span>
    </p>
   </div>
   <div class='ocr_carea' id='block_1_2' title="bbox 198 349 2555 698">
    <p class='ocr_par' dir='ltr' id='par_1_2' title="bbox 198 349 2555 698">
     <span class='ocr_line' id='line_1_2' title="bbox 201 349 2555 434; baseline 0.002 -25"><span class='ocrx_word' id='word_1_6' title='bbox 201 357 291 410; x_wconf 81' lang='lat' dir='ltr'><strong>est</strong></span> <span class='ocrx_word' id='word_1_7' title='bbox 347 352 596 431; x_wconf 82' lang='lat' dir='ltr'><strong>missuS,</strong></span> <span class='ocrx_word' id='word_1_8' title='bbox 651 349 890 431; x_wconf 79' lang='lat' dir='ltr'><strong>CineaS‚</strong></span> <span class='ocrx_word' id='word_1_9' title='bbox 947 359 1166 429; x_wconf 83' lang='lat' dir='ltr'><strong>quanta</strong></span> <span class='ocrx_word' id='word_1_10' title='bbox 1221 368 1415 430; x_wconf 85' lang='lat' dir='ltr'><strong>nuper</strong></span> <span class='ocrx_word' id='word_1_11' title='bbox 1472 349 1855 431; x_wconf 81' lang='lat' dir='ltr'>Charmadas,</span> <span class='ocrx_word' id='word_1_12' title='bbox 1911 359 2156 434; x_wconf 79' lang='lat' dir='ltr'><strong>quanta,</strong></span> <span class='ocrx_word' id='word_1_13' title='bbox 2223 354 2326 432; x_wconf 90' lang='lat' dir='ltr'><strong>qui</strong></span> <span class='ocrx_word' id='word_1_14' title='bbox 2384 353 2555 413; x_wconf 89' lang='lat' dir='ltr'><strong>modo</strong></span> 
     </span>
     <span class='ocr_line' id='line_1_3' title="bbox 202 437 2555 520; baseline 0.002 -22"><span class='ocrx_word' id='word_1_15' title='bbox 202 437 336 518; x_wconf 84' lang='lat' dir='ltr'><strong>fuit,</strong></span> <span class='ocrx_word' id='word_1_16' title='bbox 387 437 670 518; x_wconf 81' lang='lat' dir='ltr'><strong>Scepsius</strong></span> <span class='ocrx_word' id='word_1_17' title='bbox 716 439 1121 520; x_wconf 81' lang='lat' dir='ltr'><strong>Metrodorus,</strong></span> <span class='ocrx_word' id='word_1_18' title='bbox 1169 448 1389 519; x_wconf 84' lang='lat' dir='ltr'><strong>quanta</strong></span> <span class='ocrx_word' id='word_1_19' title='bbox 1434 447 1641 500; x_wconf 79' lang='lat' dir='ltr'><strong>noster</strong></span> <span class='ocrx_word' id='word_1_20' title='bbox 1686 438 2072 502; x_wconf 85' lang='lat' dir='ltr'><strong>Hortensius:</strong></span> <span class='ocrx_word' id='word_1_21' title='bbox 2132 441 2206 501; x_wconf 93' lang='lat' dir='ltr'><strong>de</strong></span> <span class='ocrx_word' id='word_1_22' title='bbox 2253 443 2555 502; x_wconf 89' lang='lat' dir='ltr'><strong>communi</strong></span> 
     </span>
     <span class='ocr_line' id='line_1_4' title="bbox 198 527 2553 608; baseline 0.001 -21"><span class='ocrx_word' id='word_1_23' title='bbox 198 527 508 588; x_wconf 88' lang='lat' dir='ltr'><strong>hominum</strong></span> <span class='ocrx_word' id='word_1_24' title='bbox 548 530 832 589; x_wconf 90' lang='lat' dir='ltr'><strong>memoria</strong></span> <span class='ocrx_word' id='word_1_25' title='bbox 870 527 1083 608; x_wconf 87' lang='lat' dir='ltr'><strong>loquor</strong></span> <span class='ocrx_word' id='word_1_26' title='bbox 1130 535 1191 589; x_wconf 86' lang='lat' dir='ltr'><strong>et</strong></span> <span class='ocrx_word' id='word_1_27' title='bbox 1237 546 1445 589; x_wconf 92' lang='lat' dir='ltr'><strong>eorum</strong></span> <span class='ocrx_word' id='word_1_28' title='bbox 1487 546 1786 608; x_wconf 84' lang='lat' dir='ltr'><strong>maxume,</strong></span> <span class='ocrx_word' id='word_1_29' title='bbox 1833 530 1937 607; x_wconf 88' lang='lat' dir='ltr'><strong>qui</strong></span> <span class='ocrx_word' id='word_1_30' title='bbox 1981 530 2044 589; x_wconf 87' lang='lat' dir='ltr'><strong>in</strong></span> <span class='ocrx_word' id='word_1_31' title='bbox 2091 527 2288 608; x_wconf 90' lang='lat' dir='ltr'><strong>aliquo</strong></span> <span class='ocrx_word' id='word_1_32' title='bbox 2331 532 2553 591; x_wconf 91' lang='lat' dir='ltr'><strong>maiore</strong></span> 
     </span>
     <span class='ocr_line' id='line_1_5' title="bbox 200 615 2553 698; baseline 0.002 -22"><span class='ocrx_word' id='word_1_33' title='bbox 200 615 398 677; x_wconf 84' lang='lat' dir='ltr'><strong>studio</strong></span> <span class='ocrx_word' id='word_1_34' title='bbox 445 624 508 677; x_wconf 85' lang='lat' dir='ltr'><strong>et</strong></span> <span class='ocrx_word' id='word_1_35' title='bbox 552 624 680 677; x_wconf 89' lang='lat' dir='ltr'><strong>arte</strong></span> <span class='ocrx_word' id='word_1_36' title='bbox 718 626 1059 698; x_wconf 85' lang='lat' dir='ltr'><strong>versantur,</strong></span> <span class='ocrx_word' id='word_1_37' title='bbox 1107 635 1363 696; x_wconf 91' lang='lat' dir='ltr'><strong>quorum</strong></span> <span class='ocrx_word' id='word_1_38' title='bbox 1403 625 1624 695; x_wconf 82' lang='lat' dir='ltr'><strong>quanta</strong></span> <span class='ocrx_word' id='word_1_39' title='bbox 1662 635 1834 684; x_wconf 83' lang='lat' dir='ltr'><strong>mens</strong></span> <span class='ocrx_word' id='word_1_40' title='bbox 1881 620 1960 679; x_wconf 86' lang='lat' dir='ltr'><strong>sit</strong></span> <span class='ocrx_word' id='word_1_41' title='bbox 2006 617 2245 679; x_wconf 87' lang='lat' dir='ltr'><strong>difficile</strong></span> <span class='ocrx_word' id='word_1_42' title='bbox 2294 627 2386 680; x_wconf 85' lang='lat' dir='ltr'><strong>est</strong></span> <span class='ocrx_word' id='word_1_43' title='bbox 2434 622 2553 680; x_wconf 83' lang='lat' dir='ltr'><strong>exi·</strong></span> 
     </span>
    </p>
   </div>
   <div class='ocr_carea' id='block_1_3' title="bbox 201 705 1294 786">
    <p class='ocr_par' dir='ltr' id='par_1_3' title="bbox 201 705 1294 786">
     <span class='ocr_line' id='line_1_6' title="bbox 201 705 1294 786; baseline 0.001 -21"><span class='ocrx_word' id='word_1_44' title='bbox 201 707 474 786; x_wconf 83' lang='lat' dir='ltr'><strong>stimare3</strong></span> <span class='ocrx_word' id='word_1_45' title='bbox 518 707 603 767; x_wconf 86' lang='lat' dir='ltr'><strong>ita</strong></span> <span class='ocrx_word' id='word_1_46' title='bbox 648 705 831 766; x_wconf 87' lang='lat' dir='ltr'><strong>multa</strong></span> <span class='ocrx_word' id='word_1_47' title='bbox 876 709 1294 767; x_wconf 89' lang='lat' dir='ltr'><strong>meminerunt.</strong></span> 
     </span>
    </p>
   </div>
   <div class='ocr_carea' id='block_1_4' title="bbox 196 771 2664 1678">
    <p class='ocr_par' dir='ltr' id='par_1_4' title="bbox 196 771 2664 1678">
     <span class='ocr_line' id='line_1_7' title="bbox 377 771 2664 900; baseline 0.001 -46"><span class='ocrx_word' id='word_1_48' title='bbox 377 792 649 865; x_wconf 88' lang='lat' dir='ltr'><strong>Quorsus</strong></span> <span class='ocrx_word' id='word_1_49' title='bbox 685 797 868 874; x_wconf 86' lang='lat' dir='ltr'><strong>igitur</strong></span> <span class='ocrx_word' id='word_1_50' title='bbox 904 795 1051 856; x_wconf 88' lang='lat' dir='ltr'><strong>haec</strong></span> <span class='ocrx_word' id='word_1_51' title='bbox 1089 803 1318 874; x_wconf 83' lang='lat' dir='ltr'><strong>spectat</strong></span> <span class='ocrx_word' id='word_1_52' title='bbox 1355 792 1589 856; x_wconf 78' lang='lat' dir='ltr'><strong>oratio?</strong></span> <span class='ocrx_word' id='word_1_53' title='bbox 1673 794 1837 867; x_wconf 87' lang='lat' dir='ltr'><strong>Quae</strong></span> <span class='ocrx_word' id='word_1_54' title='bbox 1884 797 1962 857; x_wconf 82' lang='lat' dir='ltr'><strong>sit</strong></span> <span class='ocrx_word' id='word_1_55' title='bbox 2007 795 2106 856; x_wconf 91' lang='lat' dir='ltr'><strong>illa</strong></span> <span class='ocrx_word' id='word_1_56' title='bbox 2153 797 2240 857; x_wconf 88' lang='lat' dir='ltr'><strong>vis</strong></span> <span class='ocrx_word' id='word_1_57' title='bbox 2287 803 2347 856; x_wconf 84' lang='lat' dir='ltr'><strong>et</strong></span> <span class='ocrx_word' id='word_1_58' title='bbox 2383 797 2541 857; x_wconf 92' lang='lat' dir='ltr'><strong>unde</strong></span> <span class='ocrx_word' id='word_1_59' title='bbox 2568 771 2664 900; x_wconf 68' lang='lat'><strong>625</strong></span> 
     </span>
     <span class='ocr_line' id='line_1_8' title="bbox 197 882 2543 966; baseline 0.002 -24"><span class='ocrx_word' id='word_1_60' title='bbox 197 884 276 943; x_wconf 89' lang='lat' dir='ltr'><strong>sit</strong></span> <span class='ocrx_word' id='word_1_61' title='bbox 311 882 775 962; x_wconf 84' lang='lat' dir='ltr'><strong>intellegendum</strong></span> <span class='ocrx_word' id='word_1_62' title='bbox 811 891 974 963; x_wconf 82' lang='lat' dir='ltr'><strong>puto.</strong></span> <span class='ocrx_word' id='word_1_63' title='bbox 1031 883 1160 944; x_wconf 91' lang='lat' dir='ltr'><strong>Non</strong></span> <span class='ocrx_word' id='word_1_64' title='bbox 1201 893 1296 946; x_wconf 86' lang='lat' dir='ltr'><strong>est</strong></span> <span class='ocrx_word' id='word_1_65' title='bbox 1332 892 1498 945; x_wconf 86' lang='lat' dir='ltr'><strong>certe</strong></span> <span class='ocrx_word' id='word_1_66' title='bbox 1537 903 1648 945; x_wconf 90' lang='lat' dir='ltr'><strong>nec</strong></span> <span class='ocrx_word' id='word_1_67' title='bbox 1686 884 1884 945; x_wconf 88' lang='lat' dir='ltr'><strong>cordis</strong></span> <span class='ocrx_word' id='word_1_68' title='bbox 1921 903 2033 946; x_wconf 89' lang='lat' dir='ltr'><strong>nec</strong></span> <span class='ocrx_word' id='word_1_69' title='bbox 2072 887 2395 966; x_wconf 84' lang='lat' dir='ltr'><strong>sanguinis,</strong></span> <span class='ocrx_word' id='word_1_70' title='bbox 2431 904 2543 946; x_wconf 90' lang='lat' dir='ltr'><strong>nec</strong></span> 
     </span>
     <span class='ocr_line' id='line_1_9' title="bbox 199 970 2552 1055; baseline 0.002 -24"><span class='ocrx_word' id='word_1_71' title='bbox 199 970 437 1032; x_wconf 81' lang='lat' dir='ltr'><strong>cerebri</strong></span> <span class='ocrx_word' id='word_1_72' title='bbox 474 990 585 1033; x_wconf 90' lang='lat' dir='ltr'><strong>nec</strong></span> <span class='ocrx_word' id='word_1_73' title='bbox 622 980 982 1034; x_wconf 81' lang='lat' dir='ltr'><strong>atomorum:</strong></span> <span class='ocrx_word' id='word_1_74' title='bbox 1019 975 1247 1034; x_wconf 89' lang='lat' dir='ltr'><strong>animae</strong></span> <span class='ocrx_word' id='word_1_75' title='bbox 1286 975 1365 1034; x_wconf 84' lang='lat' dir='ltr'><strong>sit</strong></span> <span class='ocrx_word' id='word_1_76' title='bbox 1400 975 1636 1052; x_wconf 79' lang='lat' dir='ltr'><strong>ignisne</strong></span> <span class='ocrx_word' id='word_1_77' title='bbox 1674 976 1906 1055; x_wconf 86' lang='lat' dir='ltr'><strong>nescio,</strong></span> <span class='ocrx_word' id='word_1_78' title='bbox 1942 992 2054 1034; x_wconf 89' lang='lat' dir='ltr'><strong>nec</strong></span> <span class='ocrx_word' id='word_1_79' title='bbox 2093 993 2187 1035; x_wconf 93' lang='lat' dir='ltr'><strong>me</strong></span> <span class='ocrx_word' id='word_1_80' title='bbox 2225 973 2438 1054; x_wconf 81' lang='lat' dir='ltr'><strong>pudet,</strong></span> <span class='ocrx_word' id='word_1_81' title='bbox 2483 982 2552 1035; x_wconf 84' lang='lat' dir='ltr'><strong>ut</strong></span> 
     </span>
     <span class='ocr_line' id='line_1_10' title="bbox 200 1060 2550 1143; baseline 0.001 -23"><span class='ocrx_word' id='word_1_82' title='bbox 200 1062 375 1141; x_wconf 64' lang='lat' dir='ltr'><strong>istm,</strong></span> <span class='ocrx_word' id='word_1_83' title='bbox 422 1060 596 1122; x_wconf 80' lang='lat' dir='ltr'><strong>fateri</strong></span> <span class='ocrx_word' id='word_1_84' title='bbox 632 1063 866 1123; x_wconf 90' lang='lat' dir='ltr'><strong>nescire</strong></span> <span class='ocrx_word' id='word_1_85' title='bbox 905 1061 1065 1142; x_wconf 87' lang='lat' dir='ltr'><strong>quod</strong></span> <span class='ocrx_word' id='word_1_86' title='bbox 1104 1063 1395 1143; x_wconf 84' lang='lat' dir='ltr'><strong>nesciam3</strong></span> <span class='ocrx_word' id='word_1_87' title='bbox 1439 1061 1614 1143; x_wconf 84' lang='lat' dir='ltr'><strong>illud,</strong></span> <span class='ocrx_word' id='word_1_88' title='bbox 1660 1065 1711 1122; x_wconf 88' lang='lat' dir='ltr'><strong>si</strong></span> <span class='ocrx_word' id='word_1_89' title='bbox 1759 1062 1875 1123; x_wconf 90' lang='lat' dir='ltr'><strong>ulla</strong></span> <span class='ocrx_word' id='word_1_90' title='bbox 1922 1063 2032 1124; x_wconf 91' lang='lat' dir='ltr'><strong>alia</strong></span> <span class='ocrx_word' id='word_1_91' title='bbox 2079 1061 2153 1123; x_wconf 92' lang='lat' dir='ltr'><strong>de</strong></span> <span class='ocrx_word' id='word_1_92' title='bbox 2191 1082 2257 1124; x_wconf 88' lang='lat' dir='ltr'><strong>re</strong></span> <span class='ocrx_word' id='word_1_93' title='bbox 2295 1062 2550 1125; x_wconf 89' lang='lat' dir='ltr'><strong>obscura</strong></span> 
     </span>
     <span class='ocr_line' id='line_1_11' title="bbox 201 1149 2549 1233; baseline 0.002 -24"><span class='ocrx_word' id='word_1_94' title='bbox 201 1149 514 1210; x_wconf 85' lang='lat' dir='ltr'><strong>adfirmare</strong></span> <span class='ocrx_word' id='word_1_95' title='bbox 560 1168 827 1230; x_wconf 89' lang='lat' dir='ltr'><strong>possem,</strong></span> <span class='ocrx_word' id='word_1_96' title='bbox 882 1154 1005 1212; x_wconf 87' lang='lat' dir='ltr'><strong>sive</strong></span> <span class='ocrx_word' id='word_1_97' title='bbox 1052 1154 1246 1211; x_wconf 90' lang='lat' dir='ltr'><strong>anima</strong></span> <span class='ocrx_word' id='word_1_98' title='bbox 1292 1153 1416 1213; x_wconf 89' lang='lat' dir='ltr'><strong>sive</strong></span> <span class='ocrx_word' id='word_1_99' title='bbox 1464 1153 1618 1230; x_wconf 84' lang='lat' dir='ltr'><strong>ignis</strong></span> <span class='ocrx_word' id='word_1_100' title='bbox 1664 1153 1743 1213; x_wconf 81' lang='lat' dir='ltr'><strong>sit</strong></span> <span class='ocrx_word' id='word_1_101' title='bbox 1787 1154 2020 1213; x_wconf 91' lang='lat' dir='ltr'><strong>animus</strong></span> <span class='ocrx_word' id='word_1_102' title='bbox 2030 1199 2047 1233; x_wconf 88' lang='lat'>‚</span> <span class='ocrx_word' id='word_1_103' title='bbox 2103 1170 2241 1213; x_wconf 91' lang='lat' dir='ltr'><strong>eum</strong></span> <span class='ocrx_word' id='word_1_104' title='bbox 2288 1154 2549 1215; x_wconf 89' lang='lat' dir='ltr'><strong>iurarem</strong></span> 
     </span>
     <span class='ocr_line' id='line_1_12' title="bbox 202 1238 2546 1322; baseline 0.001 -24"><span class='ocrx_word' id='word_1_105' title='bbox 202 1256 338 1298; x_wconf 89' lang='lat' dir='ltr'><strong>esse</strong></span> <span class='ocrx_word' id='word_1_106' title='bbox 384 1238 664 1301; x_wconf 85' lang='lat' dir='ltr'><strong>divinum.</strong></span> <span class='ocrx_word' id='word_1_107' title='bbox 758 1238 912 1310; x_wconf 84' lang='lat' dir='ltr'><strong>Quid</strong></span> <span class='ocrx_word' id='word_1_108' title='bbox 962 1238 1162 1301; x_wconf 77' lang='lat' dir='ltr'><strong>enim?</strong></span> <span class='ocrx_word' id='word_1_109' title='bbox 1217 1239 1469 1302; x_wconf 85' lang='lat' dir='ltr'><strong>obsecro</strong></span> <span class='ocrx_word' id='word_1_110' title='bbox 1517 1249 1603 1322; x_wconf 86' lang='lat' dir='ltr'><strong>te,</strong></span> <span class='ocrx_word' id='word_1_111' title='bbox 1650 1249 1887 1302; x_wconf 85' lang='lat' dir='ltr'><strong>terrane</strong></span> <span class='ocrx_word' id='word_1_112' title='bbox 1934 1240 2044 1303; x_wconf 84' lang='lat' dir='ltr'><strong>tihi</strong></span> <span class='ocrx_word' id='word_1_113' title='bbox 2088 1241 2203 1301; x_wconf 88' lang='lat' dir='ltr'><strong>hoc</strong></span> <span class='ocrx_word' id='word_1_114' title='bbox 2259 1240 2546 1303; x_wconf 88' lang='lat' dir='ltr'><strong>nebuloso</strong></span> 
     </span>
     <span class='ocr_line' id='line_1_13' title="bbox 198 1326 2546 1407; baseline 0.001 -20"><span class='ocrx_word' id='word_1_115' title='bbox 198 1335 261 1387; x_wconf 89' lang='lat' dir='ltr'><strong>et</strong></span> <span class='ocrx_word' id='word_1_116' title='bbox 296 1327 619 1407; x_wconf 86' lang='lat' dir='ltr'><strong>caliginoso</strong></span> <span class='ocrx_word' id='word_1_117' title='bbox 648 1328 809 1389; x_wconf 88' lang='lat' dir='ltr'><strong>caelo</strong></span> <span class='ocrx_word' id='word_1_118' title='bbox 849 1337 951 1390; x_wconf 89' lang='lat' dir='ltr'><strong>aut</strong></span> <span class='ocrx_word' id='word_1_119' title='bbox 988 1338 1112 1391; x_wconf 90' lang='lat' dir='ltr'><strong>sata</strong></span> <span class='ocrx_word' id='word_1_120' title='bbox 1149 1338 1251 1390; x_wconf 85' lang='lat' dir='ltr'><strong>aut</strong></span> <span class='ocrx_word' id='word_1_121' title='bbox 1288 1337 1568 1390; x_wconf 88' lang='lat' dir='ltr'><strong>concreta</strong></span> <span class='ocrx_word' id='word_1_122' title='bbox 1596 1329 1832 1391; x_wconf 85' lang='lat' dir='ltr'><strong>videtur</strong></span> <span class='ocrx_word' id='word_1_123' title='bbox 1867 1338 2029 1391; x_wconf 78' lang='lat' dir='ltr'><strong>tanta</strong></span> <span class='ocrx_word' id='word_1_124' title='bbox 2057 1332 2147 1391; x_wconf 87' lang='lat' dir='ltr'><strong>vis&#39;</strong></span> <span class='ocrx_word' id='word_1_125' title='bbox 2183 1326 2546 1394; x_wconf 80' lang='lat' dir='ltr'><strong>memoriae?</strong></span> 
     </span>
     <span class='ocr_line' id='line_1_14' title="bbox 201 1414 2548 1501; baseline 0.002 -25"><span class='ocrx_word' id='word_1_126' title='bbox 201 1414 265 1476; x_wconf 90' lang='lat' dir='ltr'><strong>Si</strong></span> <span class='ocrx_word' id='word_1_127' title='bbox 311 1416 452 1495; x_wconf 89' lang='lat' dir='ltr'><strong>quid</strong></span> <span class='ocrx_word' id='word_1_128' title='bbox 503 1419 582 1477; x_wconf 80' lang='lat' dir='ltr'><strong>sit</strong></span> <span class='ocrx_word' id='word_1_129' title='bbox 625 1417 740 1477; x_wconf 90' lang='lat' dir='ltr'><strong>hoc</strong></span> <span class='ocrx_word' id='word_1_130' title='bbox 782 1436 902 1478; x_wconf 88' lang='lat' dir='ltr'><strong>non</strong></span> <span class='ocrx_word' id='word_1_131' title='bbox 939 1418 1130 1499; x_wconf 88' lang='lat' dir='ltr'><strong>vides,</strong></span> <span class='ocrx_word' id='word_1_132' title='bbox 1177 1426 1236 1479; x_wconf 81' lang='lat' dir='ltr'><strong>at</strong></span> <span class='ocrx_word' id='word_1_133' title='bbox 1283 1418 1456 1498; x_wconf 88' lang='lat' dir='ltr'><strong>quale</strong></span> <span class='ocrx_word' id='word_1_134' title='bbox 1495 1421 1574 1480; x_wconf 88' lang='lat' dir='ltr'><strong>sit</strong></span> <span class='ocrx_word' id='word_1_135' title='bbox 1607 1419 1799 1480; x_wconf 86' lang='lat' dir='ltr'><strong>vides:</strong></span> <span class='ocrx_word' id='word_1_136' title='bbox 1846 1422 1898 1479; x_wconf 93' lang='lat' dir='ltr'><strong>si</strong></span> <span class='ocrx_word' id='word_1_137' title='bbox 1946 1438 2020 1479; x_wconf 90' lang='lat' dir='ltr'><strong>ne</strong></span> <span class='ocrx_word' id='word_1_138' title='bbox 2067 1419 2127 1480; x_wconf 92' lang='lat' dir='ltr'><strong>id</strong></span> <span class='ocrx_word' id='word_1_139' title='bbox 2176 1419 2442 1501; x_wconf 86' lang='lat' dir='ltr'><strong>quidem,</strong></span> <span class='ocrx_word' id='word_1_140' title='bbox 2488 1430 2548 1480; x_wconf 86' lang='lat' dir='ltr'><strong>at</strong></span> 
     </span>
     <span class='ocr_line' id='line_1_15' title="bbox 200 1504 2636 1587; baseline 0.002 -21"><span class='ocrx_word' id='word_1_141' title='bbox 200 1516 487 1584; x_wconf 82' lang='lat' dir='ltr'><strong>quantum</strong></span> <span class='ocrx_word' id='word_1_142' title='bbox 535 1509 613 1567; x_wconf 84' lang='lat' dir='ltr'><strong>sit</strong></span> <span class='ocrx_word' id='word_1_143' title='bbox 655 1507 925 1585; x_wconf 82' lang='lat' dir='ltr'><strong>profecto</strong></span> <span class='ocrx_word' id='word_1_144' title='bbox 948 1510 952 1514; x_wconf 86' lang='lat'>&#39;</span> <span class='ocrx_word' id='word_1_145' title='bbox 975 1507 1154 1569; x_wconf 85' lang='lat' dir='ltr'><strong>vides.</strong></span> <span class='ocrx_word' id='word_1_146' title='bbox 1247 1505 1401 1577; x_wconf 90' lang='lat' dir='ltr'><strong>Quid</strong></span> <span class='ocrx_word' id='word_1_147' title='bbox 1460 1504 1684 1587; x_wconf 78' lang='lat' dir='ltr'><strong>igitur?</strong></span> <span class='ocrx_word' id='word_1_148' title='bbox 1744 1517 1948 1570; x_wconf 85' lang='lat' dir='ltr'><strong>utrum</strong></span> <span class='ocrx_word' id='word_1_149' title='bbox 2004 1512 2390 1587; x_wconf 77' lang='lat' dir='ltr'><strong>capacitatem</strong></span> <span class='ocrx_word' id='word_1_150' title='bbox 2444 1508 2544 1569; x_wconf 87' lang='lat' dir='ltr'><strong>ali·</strong></span> <span class='ocrx_word' id='word_1_151' title='bbox 2567 1522 2636 1571; x_wconf 83' lang='grc'><strong>61</strong></span> 
     </span>
     <span class='ocr_line' id='line_1_16' title="bbox 196 1596 2544 1678; baseline 0.002 -24"><span class='ocrx_word' id='word_1_152' title='bbox 196 1612 378 1673; x_wconf 88' lang='lat' dir='ltr'><strong>quam</strong></span> <span class='ocrx_word' id='word_1_153' title='bbox 413 1596 476 1655; x_wconf 88' lang='lat' dir='ltr'><strong>in</strong></span> <span class='ocrx_word' id='word_1_154' title='bbox 513 1597 708 1656; x_wconf 86' lang='lat' dir='ltr'><strong>animo</strong></span> <span class='ocrx_word' id='word_1_155' title='bbox 745 1605 1025 1675; x_wconf 86' lang='lat' dir='ltr'><strong>putamus</strong></span> <span class='ocrx_word' id='word_1_156' title='bbox 1063 1614 1223 1678; x_wconf 84' lang='lat' dir='ltr'><strong>esse,</strong></span> <span class='ocrx_word' id='word_1_157' title='bbox 1261 1614 1379 1675; x_wconf 87' lang='lat' dir='ltr'><strong>quo</strong></span> <span class='ocrx_word' id='word_1_158' title='bbox 1419 1606 1719 1675; x_wconf 88' lang='lat' dir='ltr'><strong>tamquam</strong></span> <span class='ocrx_word' id='word_1_159' title='bbox 1755 1600 1816 1657; x_wconf 93' lang='lat' dir='ltr'><strong>in</strong></span> <span class='ocrx_word' id='word_1_160' title='bbox 1854 1597 2094 1675; x_wconf 87' lang='lat' dir='ltr'><strong>aliquod</strong></span> <span class='ocrx_word' id='word_1_161' title='bbox 2133 1616 2230 1658; x_wconf 90' lang='lat' dir='ltr'><strong>vas</strong></span> <span class='ocrx_word' id='word_1_162' title='bbox 2270 1616 2356 1677; x_wconf 87' lang='lat' dir='ltr'><strong>ea,</strong></span> <span class='ocrx_word' id='word_1_163' title='bbox 2393 1615 2544 1677; x_wconf 90' lang='lat' dir='ltr'><strong>quae</strong></span> 
     </span>
    </p>
   </div>
   <div class='ocr_carea' id='block_1_5' title="bbox 169 1801 1322 4436">
    <p class='ocr_par' dir='ltr' id='par_1_5' title="bbox 188 1801 1321 2443">
     <span class='ocr_line' id='line_1_17' title="bbox 269 1801 1318 1872; baseline 0.005 -17"><span class='ocrx_word' id='word_1_164' title='bbox 269 1801 471 1856; x_wconf 77' lang='lat' dir='ltr'><strong>Cineas</strong></span> <span class='ocrx_word' id='word_1_165' title='bbox 515 1819 618 1857; x_wconf 82' lang='lat' dir='ltr'><strong>aus</strong></span> <span class='ocrx_word' id='word_1_166' title='bbox 665 1802 1018 1872; x_wconf 56' lang='lat' dir='ltr'><strong>Thessalia,</strong></span> <span class='ocrx_word' id='word_1_167' title='bbox 1074 1805 1174 1860; x_wconf 86' lang='lat' dir='ltr'><strong>der</strong></span> <span class='ocrx_word' id='word_1_168' title='bbox 1222 1805 1318 1860; x_wconf 89' lang='lat' dir='ltr'><strong>be-</strong></span> 
     </span>
     <span class='ocr_line' id='line_1_18' title="bbox 194 1872 1319 1932; baseline 0.003 -5"><span class='ocrx_word' id='word_1_169' title='bbox 194 1872 407 1928; x_wconf 78' lang='lat' dir='ltr'><strong>kannte</strong></span> <span class='ocrx_word' id='word_1_170' title='bbox 433 1873 793 1929; x_wconf 73' lang='lat' dir='ltr'><strong>Staatsmann</strong></span> <span class='ocrx_word' id='word_1_171' title='bbox 819 1874 935 1929; x_wconf 87' lang='lat' dir='ltr'><strong>und.</strong></span> <span class='ocrx_word' id='word_1_172' title='bbox 963 1874 1319 1932; x_wconf 60' lang='lat' dir='ltr'><strong>Unterhfind-</strong></span> 
     </span>
     <span class='ocr_line' id='line_1_19' title="bbox 194 1943 1317 2014; baseline 0.004 -16"><span class='ocrx_word' id='word_1_173' title='bbox 194 1943 278 1999; x_wconf 90' lang='lat' dir='ltr'><strong>ler</strong></span> <span class='ocrx_word' id='word_1_174' title='bbox 314 1944 415 1998; x_wconf 88' lang='lat' dir='ltr'><strong>des</strong></span> <span class='ocrx_word' id='word_1_175' title='bbox 454 1945 713 2014; x_wconf 82' lang='lat' dir='ltr'><strong>Pyrrhus.</strong></span> <span class='ocrx_word' id='word_1_176' title='bbox 786 1945 1004 2001; x_wconf 82' lang='lat' dir='ltr'><strong>Plinius</strong></span> <span class='ocrx_word' id='word_1_177' title='bbox 1039 1948 1154 2001; x_wconf 81' lang='lat' dir='ltr'><strong>nat.</strong></span> <span class='ocrx_word' id='word_1_178' title='bbox 1185 1947 1317 2003; x_wconf 85' lang='lat' dir='ltr'><strong>hist.</strong></span> 
     </span>
     <span class='ocr_line' id='line_1_20' title="bbox 193 2015 1318 2090; baseline 0.003 -19"><span class='ocrx_word' id='word_1_179' title='bbox 193 2015 302 2071; x_wconf 89' lang='lat' dir='ltr'><strong>VH</strong></span> <span class='ocrx_word' id='word_1_180' title='bbox 338 2020 435 2084; x_wconf 80' lang='lat'><strong>24,</strong></span> <span class='ocrx_word' id='word_1_181' title='bbox 473 2020 541 2070; x_wconf 89' lang='lat'><strong>88</strong></span> <span class='ocrx_word' id='word_1_182' title='bbox 581 2016 779 2072; x_wconf 76' lang='lat' dir='ltr'><strong>Cineas</strong></span> <span class='ocrx_word' id='word_1_183' title='bbox 818 2016 1032 2090; x_wconf 78' lang='lat' dir='ltr'><strong>Pyrrhi</strong></span> <span class='ocrx_word' id='word_1_184' title='bbox 1066 2019 1210 2088; x_wconf 78' lang='lat' dir='ltr'><strong>reyis</strong></span> <span class='ocrx_word' id='word_1_185' title='bbox 1245 2019 1318 2073; x_wconf 84' lang='lat' dir='ltr'><strong>le-</strong></span> 
     </span>
     <span class='ocr_line' id='line_1_21' title="bbox 190 2089 1318 2159; baseline 0.003 -18"><span class='ocrx_word' id='word_1_186' title='bbox 190 2091 358 2158; x_wconf 69' lang='lat' dir='ltr'><strong>yatus</strong></span> <span class='ocrx_word' id='word_1_187' title='bbox 392 2089 614 2143; x_wconf 78' lang='lat' dir='ltr'><strong>senatui</strong></span> <span class='ocrx_word' id='word_1_188' title='bbox 649 2095 700 2143; x_wconf 82' lang='lat' dir='ltr'><strong>et</strong></span> <span class='ocrx_word' id='word_1_189' title='bbox 733 2091 967 2159; x_wconf 54' lang='lat' dir='ltr'><strong>equestri</strong></span> <span class='ocrx_word' id='word_1_190' title='bbox 991 2090 1182 2144; x_wconf 72' lang='lat' dir='ltr'><strong>ordini</strong></span> <span class='ocrx_word' id='word_1_191' title='bbox 1205 2089 1318 2145; x_wconf 79' lang='lat' dir='ltr'><strong>Ro·</strong></span> 
     </span>
     <span class='ocr_line' id='line_1_22' title="bbox 195 2161 1319 2228; baseline 0.004 -16"><span class='ocrx_word' id='word_1_192' title='bbox 195 2166 318 2213; x_wconf 81' lang='lat' dir='ltr'><strong>mae</strong></span> <span class='ocrx_word' id='word_1_193' title='bbox 369 2163 592 2228; x_wconf 77' lang='lat' dir='ltr'><strong>postero</strong></span> <span class='ocrx_word' id='word_1_194' title='bbox 654 2161 744 2215; x_wconf 83' lang='lat' dir='ltr'><strong>die</strong></span> <span class='ocrx_word' id='word_1_195' title='bbox 1023 2161 1319 2217; x_wconf 78' lang='lat' dir='ltr'><strong>advenerat</strong></span> 
     </span>
     <span class='ocr_line' id='line_1_23' title="bbox 190 2177 1319 2287; baseline 0.002 -3"><span class='ocrx_word' id='word_1_196' title='bbox 190 2230 425 2284; x_wconf 68' lang='lat' dir='ltr'><strong>nomina</strong></span> <span class='ocrx_word' id='word_1_197' title='bbox 477 2231 736 2286; x_wconf 78' lang='lat' dir='ltr'><strong>reddidit.</strong></span> <span class='ocrx_word' id='word_1_198' title='bbox 811 2177 936 2287; x_wconf 54' lang='lat' dir='ltr'><strong>gen.</strong></span> <span class='ocrx_word' id='word_1_199' title='bbox 994 2234 1244 2287; x_wconf 84' lang='lat' dir='ltr'><strong>controv.</strong></span> <span class='ocrx_word' id='word_1_200' title='bbox 1294 2233 1319 2286; x_wconf 96' lang='lat' dir='ltr'>I</span> 
     </span>
     <span class='ocr_line' id='line_1_24' title="bbox 188 2301 1321 2374; baseline 0.003 -17"><span class='ocrx_word' id='word_1_201' title='bbox 188 2317 443 2372; x_wconf 84' lang='lat' dir='ltr'><strong>prooem.</strong></span> <span class='ocrx_word' id='word_1_202' title='bbox 467 2301 643 2358; x_wconf 85' lang='lat' dir='ltr'><strong>dehnt</strong></span> <span class='ocrx_word' id='word_1_203' title='bbox 659 2302 778 2358; x_wconf 86' lang='lat' dir='ltr'><strong>dies</strong></span> <span class='ocrx_word' id='word_1_204' title='bbox 800 2318 968 2374; x_wconf 78' lang='lat' dir='ltr'><strong>sogar</strong></span> <span class='ocrx_word' id='word_1_205' title='bbox 989 2302 1094 2358; x_wconf 81' lang='lat' dir='ltr'><strong>auf</strong></span> <span class='ocrx_word' id='word_1_206' title='bbox 1114 2319 1321 2360; x_wconf 80' lang='lat' dir='ltr'><strong>onmem</strong></span> 
     </span>
     <span class='ocr_line' id='line_1_25' title="bbox 189 2374 1283 2443; baseline 0.002 -15"><span class='ocrx_word' id='word_1_207' title='bbox 189 2374 469 2428; x_wconf 75' lang='lat' dir='ltr'><strong>urbanam</strong></span> <span class='ocrx_word' id='word_1_208' title='bbox 507 2374 896 2442; x_wconf 78' lang='lat' dir='ltr'><strong>circumfusam</strong></span> <span class='ocrx_word' id='word_1_209' title='bbox 924 2375 1132 2443; x_wconf 81' lang='lat' dir='ltr'><strong>plebem</strong></span> <span class='ocrx_word' id='word_1_210' title='bbox 1167 2392 1283 2430; x_wconf 77' lang='lat' dir='ltr'><strong>aus.</strong></span> 
     </span>
    </p>

    <p class='ocr_par' dir='ltr' id='par_1_6' title="bbox 185 2442 1322 2783">
     <span class='ocr_line' id='line_1_26' title="bbox 266 2442 1322 2502; baseline 0.003 -3"><span class='ocrx_word' id='word_1_211' title='bbox 266 2442 610 2501; x_wconf 72' lang='lat' dir='ltr'><strong>Charmadas</strong></span> <span class='ocrx_word' id='word_1_212' title='bbox 637 2462 754 2500; x_wconf 77' lang='lat' dir='ltr'><strong>war</strong></span> <span class='ocrx_word' id='word_1_213' title='bbox 781 2445 1017 2501; x_wconf 76' lang='lat' dir='ltr'><strong>Schfiler</strong></span> <span class='ocrx_word' id='word_1_214' title='bbox 1051 2446 1151 2500; x_wconf 88' lang='lat' dir='ltr'><strong>des</strong></span> <span class='ocrx_word' id='word_1_215' title='bbox 1172 2446 1322 2502; x_wconf 76' lang='lat' dir='ltr'><strong>Aka-</strong></span> 
     </span>
     <span class='ocr_line' id='line_1_27' title="bbox 189 2515 1322 2573; baseline 0.003 -3"><span class='ocrx_word' id='word_1_216' title='bbox 189 2515 480 2571; x_wconf 85' lang='lat' dir='ltr'><strong>demikers</strong></span> <span class='ocrx_word' id='word_1_217' title='bbox 506 2516 827 2572; x_wconf 75' lang='lat' dir='ltr'><strong>Karneades</strong></span> <span class='ocrx_word' id='word_1_218' title='bbox 856 2516 970 2572; x_wconf 86' lang='lat' dir='ltr'><strong>und</strong></span> <span class='ocrx_word' id='word_1_219' title='bbox 1006 2516 1186 2572; x_wconf 69' lang='lat' dir='ltr'><strong>lehi-te</strong></span> <span class='ocrx_word' id='word_1_220' title='bbox 1223 2536 1322 2573; x_wconf 87' lang='lat' dir='ltr'><strong>nm</strong></span> 
     </span>
     <span class='ocr_line' id='line_1_28' title="bbox 192 2585 1320 2656; baseline 0.002 -14"><span class='ocrx_word' id='word_1_221' title='bbox 192 2592 299 2642; x_wconf 88' lang='lat'><strong>110</strong></span> <span class='ocrx_word' id='word_1_222' title='bbox 329 2606 396 2642; x_wconf 84' lang='lat' dir='ltr'><strong>zu</strong></span> <span class='ocrx_word' id='word_1_223' title='bbox 419 2587 623 2643; x_wconf 86' lang='lat' dir='ltr'><strong>Athen.</strong></span> <span class='ocrx_word' id='word_1_224' title='bbox 697 2588 762 2642; x_wconf 88' lang='lat' dir='ltr'><strong>In</strong></span> <span class='ocrx_word' id='word_1_225' title='bbox 794 2587 986 2643; x_wconf 89' lang='lat' dir='ltr'><strong>seinen</strong></span> <span class='ocrx_word' id='word_1_226' title='bbox 1004 2585 1320 2656; x_wconf 63' lang='lat' dir='ltr'><strong>Vetti-agen</strong></span> 
     </span>
     <span class='ocr_line' id='line_1_29' title="bbox 185 2658 1320 2783; baseline 0.001 -69"><span class='ocrx_word' id='word_1_227' title='bbox 185 2658 533 2783; x_wconf 54' lang='lat' dir='ltr'><strong>berlffindelte</strong></span> <span class='ocrx_word' id='word_1_228' title='bbox 561 2675 622 2714; x_wconf 90' lang='lat' dir='ltr'><strong>er</strong></span> <span class='ocrx_word' id='word_1_229' title='bbox 642 2659 1007 2730; x_wconf 76' lang='lat' dir='ltr'><strong>Philosophia</strong></span> <span class='ocrx_word' id='word_1_230' title='bbox 1037 2659 1153 2714; x_wconf 86' lang='lat' dir='ltr'><strong>und</strong></span> <span class='ocrx_word' id='word_1_231' title='bbox 1170 2659 1320 2715; x_wconf 85' lang='lat' dir='ltr'><strong>Rhe-</strong></span> 
     </span>
    </p>

    <p class='ocr_par' dir='ltr' id='par_1_7' title="bbox 182 2800 1321 3511">
     <span class='ocr_line' id='line_1_30' title="bbox 262 2800 1321 2871; baseline 0.001 -16"><span class='ocrx_word' id='word_1_232' title='bbox 262 2800 620 2857; x_wconf 61' lang='lat' dir='ltr'><strong>Mmodorus</strong></span> <span class='ocrx_word' id='word_1_233' title='bbox 653 2817 754 2856; x_wconf 80' lang='lat' dir='ltr'><strong>aus</strong></span> <span class='ocrx_word' id='word_1_234' title='bbox 792 2800 1022 2871; x_wconf 78' lang='lat' dir='ltr'><strong>Skepsis</strong></span> <span class='ocrx_word' id='word_1_235' title='bbox 1056 2800 1118 2855; x_wconf 91' lang='lat' dir='ltr'><strong>in</strong></span> <span class='ocrx_word' id='word_1_236' title='bbox 1143 2800 1321 2856; x_wconf 78' lang='lat' dir='ltr'><strong>Troas</strong></span> 
     </span>
     <span class='ocr_line' id='line_1_31' title="bbox 187 2871 1320 2942; baseline 0.001 -16"><span class='ocrx_word' id='word_1_237' title='bbox 187 2871 377 2942; x_wconf 83' lang='lat' dir='ltr'><strong>(nicht</strong></span> <span class='ocrx_word' id='word_1_238' title='bbox 441 2890 509 2927; x_wconf 84' lang='lat' dir='ltr'><strong>zu</strong></span> <span class='ocrx_word' id='word_1_239' title='bbox 571 2872 953 2928; x_wconf 83' lang='lat' dir='ltr'><strong>verwechseln</strong></span> <span class='ocrx_word' id='word_1_240' title='bbox 1020 2871 1127 2927; x_wconf 82' lang='lat' dir='ltr'><strong>mit</strong></span> <span class='ocrx_word' id='word_1_241' title='bbox 1190 2872 1320 2928; x_wconf 86' lang='lat' dir='ltr'><strong>dem</strong></span> 
     </span>
     <span class='ocr_line' id='line_1_32' title="bbox 184 2940 1318 3000; baseline -0.001 -2"><span class='ocrx_word' id='word_1_242' title='bbox 184 2940 488 2998; x_wconf 79' lang='lat' dir='ltr'><strong>mehrfach</strong></span> <span class='ocrx_word' id='word_1_243' title='bbox 541 2943 603 2998; x_wconf 87' lang='lat' dir='ltr'><strong>in</strong></span> <span class='ocrx_word' id='word_1_244' title='bbox 654 2943 767 2998; x_wconf 87' lang='lat' dir='ltr'><strong>den</strong></span> <span class='ocrx_word' id='word_1_245' title='bbox 823 2943 1180 3000; x_wconf 77' lang='lat' dir='ltr'><strong>Tusculanen</strong></span> <span class='ocrx_word' id='word_1_246' title='bbox 1232 2959 1318 2998; x_wconf 87' lang='lat' dir='ltr'><strong>er-</strong></span> 
     </span>
     <span class='ocr_line' id='line_1_33' title="bbox 185 3014 1318 3085; baseline 0 -16"><span class='ocrx_word' id='word_1_247' title='bbox 185 3015 461 3070; x_wconf 65' lang='lat' dir='ltr'><strong>wahnten</strong></span> <span class='ocrx_word' id='word_1_248' title='bbox 515 3014 875 3085; x_wconf 84' lang='lat' dir='ltr'><strong>Epikureer)‚</strong></span> <span class='ocrx_word' id='word_1_249' title='bbox 929 3031 1048 3070; x_wconf 77' lang='lat' dir='ltr'><strong>war</strong></span> <span class='ocrx_word' id='word_1_250' title='bbox 1102 3015 1318 3070; x_wconf 65' lang='lat' dir='ltr'><strong>Stante-</strong></span> 
     </span>
     <span class='ocr_line' id='line_1_34' title="bbox 185 3084 1319 3141; baseline 0.001 -1"><span class='ocrx_word' id='word_1_251' title='bbox 185 3102 366 3140; x_wconf 77' lang='lat' dir='ltr'><strong>mann</strong></span> <span class='ocrx_word' id='word_1_252' title='bbox 409 3085 489 3140; x_wconf 87' lang='lat' dir='ltr'><strong>im</strong></span> <span class='ocrx_word' id='word_1_253' title='bbox 535 3084 765 3141; x_wconf 87' lang='lat' dir='ltr'><strong>Dienste</strong></span> <span class='ocrx_word' id='word_1_254' title='bbox 821 3086 920 3140; x_wconf 87' lang='lat' dir='ltr'><strong>des</strong></span> <span class='ocrx_word' id='word_1_255' title='bbox 965 3084 1319 3141; x_wconf 73' lang='lat' dir='ltr'><strong>Mithridates</strong></span> 
     </span>
     <span class='ocr_line' id='line_1_35' title="bbox 184 3155 1316 3212; baseline 0 -1"><span class='ocrx_word' id='word_1_256' title='bbox 184 3156 309 3211; x_wconf 85' lang='lat' dir='ltr'><strong>und</strong></span> <span class='ocrx_word' id='word_1_257' title='bbox 355 3157 443 3212; x_wconf 76' lang='lat' dir='ltr'><strong>als</strong></span> <span class='ocrx_word' id='word_1_258' title='bbox 492 3155 837 3212; x_wconf 83' lang='lat' dir='ltr'><strong>Redelehrer</strong></span> <span class='ocrx_word' id='word_1_259' title='bbox 883 3157 1028 3212; x_wconf 78' lang='lat' dir='ltr'><strong>auch</strong></span> <span class='ocrx_word' id='word_1_260' title='bbox 1072 3156 1183 3212; x_wconf 85' lang='lat' dir='ltr'><strong>vo&#39;n</strong></span> <span class='ocrx_word' id='word_1_261' title='bbox 1228 3155 1316 3211; x_wconf 90' lang='lat' dir='ltr'><strong>Ci-</strong></span> 
     </span>
     <span class='ocr_line' id='line_1_36' title="bbox 185 3225 1317 3299; baseline -0.001 -16"><span class='ocrx_word' id='word_1_262' title='bbox 185 3244 352 3283; x_wconf 87' lang='lat' dir='ltr'><strong>ceros</strong></span> <span class='ocrx_word' id='word_1_263' title='bbox 379 3228 598 3285; x_wconf 60' lang='lat' dir='ltr'><strong>alteren</strong></span> <span class='ocrx_word' id='word_1_264' title='bbox 618 3227 1016 3299; x_wconf 81' lang='lat' dir='ltr'><strong>Zeitgenossen</strong></span> <span class='ocrx_word' id='word_1_265' title='bbox 1035 3225 1317 3283; x_wconf 82' lang='lat' dir='ltr'><strong>Antonius</strong></span> 
     </span>
     <span class='ocr_line' id='line_1_37' title="bbox 183 3298 1317 3369; baseline 0 -16"><span class='ocrx_word' id='word_1_266' title='bbox 183 3299 308 3354; x_wconf 84' lang='lat' dir='ltr'><strong>und</strong></span> <span class='ocrx_word' id='word_1_267' title='bbox 391 3298 624 3355; x_wconf 78' lang='lat' dir='ltr'><strong>Crassus</strong></span> <span class='ocrx_word' id='word_1_268' title='bbox 697 3298 897 3369; x_wconf 82' lang='lat' dir='ltr'><strong>geehrt</strong></span> <span class='ocrx_word' id='word_1_269' title='bbox 967 3299 1060 3367; x_wconf 86' lang='lat' dir='ltr'><strong>(de</strong></span> <span class='ocrx_word' id='word_1_270' title='bbox 1124 3315 1202 3353; x_wconf 88' lang='lat' dir='ltr'><strong>or.</strong></span> <span class='ocrx_word' id='word_1_271' title='bbox 1263 3299 1317 3353; x_wconf 92' lang='lat' dir='ltr'><strong>II</strong></span> 
     </span>
     <span class='ocr_line' id='line_1_38' title="bbox 184 3369 1318 3440; baseline -0.001 -15"><span class='ocrx_word' id='word_1_272' title='bbox 184 3375 277 3440; x_wconf 86' lang='lat' dir='ltr'><strong>ss,</strong></span> <span class='ocrx_word' id='word_1_273' title='bbox 307 3376 432 3426; x_wconf 76' lang='lat' dir='ltr'><strong>aso.</strong></span> <span class='ocrx_word' id='word_1_274' title='bbox 490 3375 576 3440; x_wconf 83' lang='lat'><strong>90,</strong></span> <span class='ocrx_word' id='word_1_275' title='bbox 607 3372 761 3440; x_wconf 81' lang='lat'>365);</span> <span class='ocrx_word' id='word_1_276' title='bbox 800 3387 861 3425; x_wconf 81' lang='lat' dir='ltr'><strong>er</strong></span> <span class='ocrx_word' id='word_1_277' title='bbox 898 3370 1006 3424; x_wconf 81' lang='lat' dir='ltr'><strong>soll</strong></span> <span class='ocrx_word' id='word_1_278' title='bbox 1043 3369 1134 3424; x_wconf 83' lang='lat' dir='ltr'><strong>die</strong></span> <span class='ocrx_word' id='word_1_279' title='bbox 1161 3369 1318 3425; x_wconf 79' lang='lat' dir='ltr'><strong>Mne-</strong></span> 
     </span>
     <span class='ocr_line' id='line_1_39' title="bbox 182 3441 1130 3511; baseline -0.001 -14"><span class='ocrx_word' id='word_1_280' title='bbox 182 3441 388 3497; x_wconf 85' lang='lat' dir='ltr'><strong>monik</strong></span> <span class='ocrx_word' id='word_1_281' title='bbox 424 3441 895 3511; x_wconf 61' lang='lat' dir='ltr'><strong>vervollstandigt</strong></span> <span class='ocrx_word' id='word_1_282' title='bbox 928 3441 1130 3497; x_wconf 78' lang='lat' dir='ltr'><strong>haben.</strong></span> 
     </span>
    </p>

    <p class='ocr_par' dir='ltr' id='par_1_8' title="bbox 169 3511 1320 4354">
     <span class='ocr_line' id='line_1_40' title="bbox 259 3511 1320 3568; baseline -0.001 0"><span class='ocrx_word' id='word_1_283' title='bbox 259 3519 447 3568; x_wconf 80' lang='lat' dir='ltr'><strong>noster</strong></span> <span class='ocrx_word' id='word_1_284' title='bbox 511 3512 874 3568; x_wconf 77' lang='lat' dir='ltr'><strong>Hortensius:</strong></span> <span class='ocrx_word' id='word_1_285' title='bbox 952 3517 1133 3567; x_wconf 76' lang='lat' dir='ltr'><strong>noster</strong></span> <span class='ocrx_word' id='word_1_286' title='bbox 1194 3511 1320 3567; x_wconf 81' lang='lat' dir='ltr'><strong>hier</strong></span> 
     </span>
     <span class='ocr_line' id='line_1_41' title="bbox 185 3582 1319 3653; baseline -0.001 -15"><span class='ocrx_word' id='word_1_287' title='bbox 185 3584 386 3638; x_wconf 77' lang='lat' dir='ltr'><strong>‘unser</strong></span> <span class='ocrx_word' id='word_1_288' title='bbox 413 3584 817 3652; x_wconf 76' lang='lat' dir='ltr'><strong>Landsniann’,</strong></span> <span class='ocrx_word' id='word_1_289' title='bbox 854 3583 935 3639; x_wconf 87' lang='lat' dir='ltr'><strong>im</strong></span> <span class='ocrx_word' id='word_1_290' title='bbox 971 3582 1319 3653; x_wconf 74' lang='lat' dir='ltr'><strong>Gegensatze</strong></span> 
     </span>
     <span class='ocr_line' id='line_1_42' title="bbox 182 3654 1320 3711; baseline -0.001 -2"><span class='ocrx_word' id='word_1_291' title='bbox 182 3674 256 3710; x_wconf 85' lang='lat' dir='ltr'><strong>zu</strong></span> <span class='ocrx_word' id='word_1_292' title='bbox 308 3655 422 3709; x_wconf 88' lang='lat' dir='ltr'><strong>den</strong></span> <span class='ocrx_word' id='word_1_293' title='bbox 457 3654 750 3711; x_wconf 82' lang='lat' dir='ltr'><strong>Griechen.</strong></span> <span class='ocrx_word' id='word_1_294' title='bbox 822 3654 1157 3709; x_wconf 72' lang='lat' dir='ltr'><strong>Hortensius</strong></span> <span class='ocrx_word' id='word_1_295' title='bbox 1203 3669 1320 3709; x_wconf 76' lang='lat' dir='ltr'><strong>war</strong></span> 
     </span>
     <span class='ocr_line' id='line_1_43' title="bbox 185 3724 1318 3781; baseline -0.001 0"><span class='ocrx_word' id='word_1_296' title='bbox 185 3725 421 3781; x_wconf 85' lang='lat' dir='ltr'><strong>Ciceros</strong></span> <span class='ocrx_word' id='word_1_297' title='bbox 456 3724 857 3781; x_wconf 82' lang='lat' dir='ltr'><strong>Nebenbuhler</strong></span> <span class='ocrx_word' id='word_1_298' title='bbox 892 3725 953 3779; x_wconf 88' lang='lat' dir='ltr'><strong>in</strong></span> <span class='ocrx_word' id='word_1_299' title='bbox 989 3724 1088 3779; x_wconf 86' lang='lat' dir='ltr'><strong>der</strong></span> <span class='ocrx_word' id='word_1_300' title='bbox 1110 3724 1318 3781; x_wconf 87' lang='lat' dir='ltr'><strong>Bered-</strong></span> 
     </span>
     <span class='ocr_line' id='line_1_44' title="bbox 181 3795 1318 3869; baseline 0.001 -17"><span class='ocrx_word' id='word_1_301' title='bbox 181 3796 464 3867; x_wconf 78' lang='lat' dir='ltr'><strong>samkeit,</strong></span> <span class='ocrx_word' id='word_1_302' title='bbox 503 3798 627 3869; x_wconf 85' lang='lat' dir='ltr'><strong>geb.</strong></span> <span class='ocrx_word' id='word_1_303' title='bbox 670 3803 798 3865; x_wconf 80' lang='lat'>114,</span> <span class='ocrx_word' id='word_1_304' title='bbox 836 3798 978 3867; x_wconf 84' lang='lat' dir='ltr'><strong>gest.</strong></span> <span class='ocrx_word' id='word_1_305' title='bbox 1008 3801 1077 3852; x_wconf 81' lang='lat'><strong>50</strong></span> <span class='ocrx_word' id='word_1_306' title='bbox 1104 3814 1158 3851; x_wconf 79' lang='lat' dir='ltr'><strong>v.</strong></span> <span class='ocrx_word' id='word_1_307' title='bbox 1188 3795 1318 3853; x_wconf 86' lang='lat' dir='ltr'><strong>Chr.</strong></span> 
     </span>
     <span class='ocr_line' id='line_1_45' title="bbox 178 3866 1317 3937; baseline -0.002 -14"><span class='ocrx_word' id='word_1_308' title='bbox 178 3867 321 3924; x_wconf 90' lang='lat' dir='ltr'><strong>Von</strong></span> <span class='ocrx_word' id='word_1_309' title='bbox 360 3868 573 3923; x_wconf 86' lang='lat' dir='ltr'><strong>seinem</strong></span> <span class='ocrx_word' id='word_1_310' title='bbox 602 3867 1007 3924; x_wconf 66' lang='lat' dir='ltr'><strong>Gedachtnisse</strong></span> <span class='ocrx_word' id='word_1_311' title='bbox 1045 3869 1176 3937; x_wconf 80' lang='lat' dir='ltr'><strong>sagt</strong></span> <span class='ocrx_word' id='word_1_312' title='bbox 1204 3866 1317 3922; x_wconf 90' lang='lat' dir='ltr'><strong>Cic.</strong></span> 
     </span>
     <span class='ocr_line' id='line_1_46' title="bbox 177 3939 1315 4007; baseline -0.001 -13"><span class='ocrx_word' id='word_1_313' title='bbox 177 3940 348 3996; x_wconf 81' lang='lat' dir='ltr'><strong>Brut.</strong></span> <span class='ocrx_word' id='word_1_314' title='bbox 414 3944 511 4007; x_wconf 86' lang='lat'><strong>88,</strong></span> <span class='ocrx_word' id='word_1_315' title='bbox 566 3946 670 3994; x_wconf 87' lang='lat'><strong>301</strong></span> <span class='ocrx_word' id='word_1_316' title='bbox 739 3939 995 3994; x_wconf 75' lang='lat' dir='ltr'><strong>Primam</strong></span> <span class='ocrx_word' id='word_1_317' title='bbox 1055 3939 1315 3994; x_wconf 72' lang='lat' dir='ltr'><strong>memoria</strong></span> 
     </span>
     <span class='ocr_line' id='line_1_47' title="bbox 177 4010 1317 4081; baseline -0.003 -14"><span class='ocrx_word' id='word_1_318' title='bbox 177 4017 381 4079; x_wconf 82' lang='lat' dir='ltr'><strong>tanta,</strong></span> <span class='ocrx_word' id='word_1_319' title='bbox 418 4016 685 4081; x_wconf 75' lang='lat' dir='ltr'><strong>quantam</strong></span> <span class='ocrx_word' id='word_1_320' title='bbox 719 4012 785 4065; x_wconf 75' lang='lat' dir='ltr'><strong>in</strong></span> <span class='ocrx_word' id='word_1_321' title='bbox 819 4010 975 4065; x_wconf 75' lang='lat' dir='ltr'><strong>nullo</strong></span> <span class='ocrx_word' id='word_1_322' title='bbox 1009 4011 1317 4079; x_wconf 74' lang='lat' dir='ltr'><strong>eoynovisse</strong></span> 
     </span>
     <span class='ocr_line' id='line_1_48' title="bbox 175 4084 1315 4152; baseline -0.004 -14"><span class='ocrx_word' id='word_1_323' title='bbox 175 4101 265 4139; x_wconf 84' lang='lat' dir='ltr'><strong>me</strong></span> <span class='ocrx_word' id='word_1_324' title='bbox 305 4084 582 4150; x_wconf 56' lang='lat' dir='ltr'><strong>arbitror,</strong></span> <span class='ocrx_word' id='word_1_325' title='bbox 634 4089 723 4149; x_wconf 77' lang='lat' dir='ltr'><strong>at,</strong></span> <span class='ocrx_word' id='word_1_326' title='bbox 777 4098 917 4152; x_wconf 77' lang='lat' dir='ltr'><strong>quae</strong></span> <span class='ocrx_word' id='word_1_327' title='bbox 960 4097 1141 4146; x_wconf 69' lang='lat' dir='ltr'><strong>seeum</strong></span> <span class='ocrx_word' id='word_1_328' title='bbox 1178 4097 1315 4135; x_wconf 87' lang='lat' dir='ltr'><strong>com-</strong></span> 
     </span>
     <span class='ocr_line' id='line_1_49' title="bbox 174 4152 1313 4221; baseline -0.004 -11"><span class='ocrx_word' id='word_1_329' title='bbox 174 4158 466 4210; x_wconf 73' lang='lat' dir='ltr'><strong>mentatus</strong></span> <span class='ocrx_word' id='word_1_330' title='bbox 502 4158 659 4220; x_wconf 76' lang='lat' dir='ltr'><strong>esset,</strong></span> <span class='ocrx_word' id='word_1_331' title='bbox 705 4170 770 4208; x_wconf 86' lang='lat' dir='ltr'><strong>ea</strong></span> <span class='ocrx_word' id='word_1_332' title='bbox 803 4154 922 4208; x_wconf 76' lang='lat' dir='ltr'><strong>sine</strong></span> <span class='ocrx_word' id='word_1_333' title='bbox 956 4152 1162 4221; x_wconf 79' lang='lat' dir='ltr'><strong>scripto</strong></span> <span class='ocrx_word' id='word_1_334' title='bbox 1196 4168 1313 4206; x_wconf 84' lang='lat' dir='ltr'><strong>ver·</strong></span> 
     </span>
     <span class='ocr_line' id='line_1_50' title="bbox 174 4222 1316 4294; baseline -0.004 -12"><span class='ocrx_word' id='word_1_335' title='bbox 174 4227 269 4282; x_wconf 76' lang='lat' dir='ltr'><strong>bis</strong></span> <span class='ocrx_word' id='word_1_336' title='bbox 318 4225 520 4281; x_wconf 82' lang='lat' dir='ltr'><strong>eisdem</strong></span> <span class='ocrx_word' id='word_1_337' title='bbox 566 4225 837 4293; x_wconf 84' lang='lat' dir='ltr'><strong>redderet,</strong></span> <span class='ocrx_word' id='word_1_338' title='bbox 876 4224 1075 4294; x_wconf 73' lang='lat' dir='ltr'><strong>quibus</strong></span> <span class='ocrx_word' id='word_1_339' title='bbox 1112 4222 1316 4293; x_wconf 74' lang='lat' dir='ltr'><strong>coqita—</strong></span> 
     </span>
     <span class='ocr_line' id='line_1_51' title="bbox 169 4298 366 4354; baseline -0.02 0"><span class='ocrx_word' id='word_1_340' title='bbox 169 4298 366 4354; x_wconf 72' lang='lat' dir='ltr'><strong>visset.</strong></span> 
     </span>
    </p>

    <p class='ocr_par' dir='ltr' id='par_1_9' title="bbox 253 4363 1318 4436">
     <span class='ocr_line' id='line_1_52' title="bbox 253 4363 1318 4436; baseline -0.006 -12"><span class='ocrx_word' id='word_1_341' title='bbox 253 4368 579 4424; x_wconf 77' lang='lat' dir='ltr'><strong>existimare</strong></span> <span class='ocrx_word' id='word_1_342' title='bbox 592 4409 611 4436; x_wconf 88' lang='lat'><em>,</em></span> <span class='ocrx_word' id='word_1_343' title='bbox 655 4366 779 4422; x_wconf 85' lang='lat' dir='ltr'><strong>hier</strong></span> <span class='ocrx_word' id='word_1_344' title='bbox 822 4365 904 4421; x_wconf 88' lang='lat' dir='ltr'><strong>im</strong></span> <span class='ocrx_word' id='word_1_345' title='bbox 940 4363 1318 4436; x_wconf 83' lang='lat' dir='ltr'><strong>eigentlichen</strong></span> 
     </span>
    </p>
   </div>
   <div class='ocr_carea' id='block_1_6' title="bbox 1413 1803 2554 3866">
    <p class='ocr_par' dir='ltr' id='par_1_10' title="bbox 1426 1803 2551 2017">
     <span class='ocr_line' id='line_1_53' title="bbox 1428 1803 2550 1875; baseline -0.002 -16"><span class='ocrx_word' id='word_1_346' title='bbox 1428 1803 1598 1859; x_wconf 83' lang='lat' dir='ltr'><strong>Sinne</strong></span> <span class='ocrx_word' id='word_1_347' title='bbox 1611 1846 1624 1872; x_wconf 90' lang='lat'>‚</span> <span class='ocrx_word' id='word_1_348' title='bbox 1671 1803 1887 1875; x_wconf 74' lang='lat' dir='ltr'><strong>infolge</strong></span> <span class='ocrx_word' id='word_1_349' title='bbox 1923 1803 2077 1859; x_wconf 88' lang='lat' dir='ltr'><strong>einer</strong></span> <span class='ocrx_word' id='word_1_350' title='bbox 2113 1806 2419 1859; x_wconf 78' lang='lat' dir='ltr'><strong>aestimatio</strong></span> <span class='ocrx_word' id='word_1_351' title='bbox 2455 1804 2550 1858; x_wconf 83' lang='lat' dir='ltr'><strong>ab·</strong></span> 
     </span>
     <span class='ocr_line' id='line_1_54' title="bbox 1426 1874 2551 1947; baseline -0.001 -18"><span class='ocrx_word' id='word_1_352' title='bbox 1426 1875 1683 1932; x_wconf 87' lang='lat' dir='ltr'><strong>urteilen.</strong></span> <span class='ocrx_word' id='word_1_353' title='bbox 1757 1876 1841 1929; x_wconf 91' lang='lat' dir='ltr'><strong>Im</strong></span> <span class='ocrx_word' id='word_1_354' title='bbox 1888 1875 2149 1947; x_wconf 84' lang='lat' dir='ltr'><strong>gleichen</strong></span> <span class='ocrx_word' id='word_1_355' title='bbox 2194 1875 2362 1931; x_wconf 83' lang='lat' dir='ltr'><strong>Sinne</strong></span> <span class='ocrx_word' id='word_1_356' title='bbox 2408 1874 2551 1930; x_wconf 81' lang='lat' dir='ltr'><strong>wird</strong></span> 
     </span>
     <span class='ocr_line' id='line_1_55' title="bbox 1426 1946 2210 2017; baseline 0.003 -16"><span class='ocrx_word' id='word_1_357' title='bbox 1426 1946 1655 2013; x_wconf 75' lang='lat' dir='ltr'><strong>difficile</strong></span> <span class='ocrx_word' id='word_1_358' title='bbox 1689 1951 1769 2002; x_wconf 81' lang='lat' dir='ltr'><strong>est</strong></span> <span class='ocrx_word' id='word_1_359' title='bbox 1803 1947 1959 2002; x_wconf 74' lang='lat' dir='ltr'><strong>dictu</strong></span> <span class='ocrx_word' id='word_1_360' title='bbox 1994 1949 2210 2017; x_wconf 79' lang='lat' dir='ltr'><strong>gesagt.</strong></span> 
     </span>
    </p>

    <p class='ocr_par' dir='ltr' id='par_1_11' title="bbox 1425 2016 2554 2286">
     <span class='ocr_line' id='line_1_56' title="bbox 1498 2016 2552 2087; baseline -0.001 -16"><span class='ocrx_word' id='word_1_361' title='bbox 1498 2016 1642 2087; x_wconf 67' lang='grc' dir='ltr'><strong>Καρ.</strong></span> <span class='ocrx_word' id='word_1_362' title='bbox 1680 2017 1778 2075; x_wconf 80' lang='lat'><strong>25.</strong></span> <span class='ocrx_word' id='word_1_363' title='bbox 1854 2024 1940 2074; x_wconf 87' lang='lat'><strong>60.</strong></span> <span class='ocrx_word' id='word_1_364' title='bbox 2030 2034 2227 2074; x_wconf 80' lang='lat' dir='ltr'><strong>uorsus</strong></span> <span class='ocrx_word' id='word_1_365' title='bbox 2255 2019 2360 2073; x_wconf 88' lang='lat' dir='ltr'><strong>cet.</strong></span> <span class='ocrx_word' id='word_1_366' title='bbox 2415 2017 2552 2073; x_wconf 84' lang='lat' dir='ltr'><strong>For-</strong></span> 
     </span>
     <span class='ocr_line' id='line_1_57' title="bbox 1426 2087 2554 2144; baseline 0.001 -3"><span class='ocrx_word' id='word_1_367' title='bbox 1426 2088 1540 2144; x_wconf 87' lang='lat' dir='ltr'><strong>mel</strong></span> <span class='ocrx_word' id='word_1_368' title='bbox 1575 2106 1673 2142; x_wconf 89' lang='lat' dir='ltr'><strong>um</strong></span> <span class='ocrx_word' id='word_1_369' title='bbox 1708 2088 1801 2143; x_wconf 88' lang='lat' dir='ltr'><strong>die</strong></span> <span class='ocrx_word' id='word_1_370' title='bbox 1837 2089 1997 2144; x_wconf 75' lang='lat' dir='ltr'><strong>Ruok</strong></span> <span class='ocrx_word' id='word_1_371' title='bbox 2041 2090 2141 2144; x_wconf 84' lang='lat' dir='ltr'><strong>ehr</strong></span> <span class='ocrx_word' id='word_1_372' title='bbox 2176 2106 2303 2144; x_wconf 81' lang='lat' dir='ltr'><strong>zum</strong></span> <span class='ocrx_word' id='word_1_373' title='bbox 2336 2087 2554 2143; x_wconf 82' lang='lat' dir='ltr'><strong>Thema.</strong></span> 
     </span>
     <span class='ocr_line' id='line_1_58' title="bbox 1425 2158 2554 2230; baseline -0.001 -16"><span class='ocrx_word' id='word_1_374' title='bbox 1425 2176 1541 2215; x_wconf 82' lang='lat' dir='ltr'><strong>von</strong></span> <span class='ocrx_word' id='word_1_375' title='bbox 1602 2158 1757 2215; x_wconf 87' lang='lat' dir='ltr'><strong>einer</strong></span> <span class='ocrx_word' id='word_1_376' title='bbox 1818 2160 2255 2230; x_wconf 81' lang='lat' dir='ltr'><strong>Abschweifung</strong></span> <span class='ocrx_word' id='word_1_377' title='bbox 2327 2176 2395 2213; x_wconf 82' lang='lat' dir='ltr'><strong>zu</strong></span> <span class='ocrx_word' id='word_1_378' title='bbox 2456 2159 2554 2213; x_wconf 90' lang='lat' dir='ltr'><strong>be-</strong></span> 
     </span>
     <span class='ocr_line' id='line_1_59' title="bbox 1428 2229 2171 2286; baseline 0 -1"><span class='ocrx_word' id='word_1_379' title='bbox 1428 2229 1710 2286; x_wconf 83' lang='lat' dir='ltr'><strong>zeichnen.</strong></span> <span class='ocrx_word' id='word_1_380' title='bbox 2166 2240 2171 2244; x_wconf 84' lang='lat'>&#39;</span> 
     </span>
    </p>

    <p class='ocr_par' dir='ltr' id='par_1_12' title="bbox 1426 2300 2554 2515">
     <span class='ocr_line' id='line_1_60' title="bbox 1499 2300 2551 2371; baseline 0 -14"><span class='ocrx_word' id='word_1_381' title='bbox 1499 2307 1564 2357; x_wconf 77' lang='lat' dir='ltr'><strong>ut</strong></span> <span class='ocrx_word' id='word_1_382' title='bbox 1611 2302 1770 2369; x_wconf 78' lang='lat' dir='ltr'><strong>istos,</strong></span> <span class='ocrx_word' id='word_1_383' title='bbox 1835 2301 1952 2371; x_wconf 87' lang='lat' dir='ltr'><strong>die,</strong></span> <span class='ocrx_word' id='word_1_384' title='bbox 2006 2301 2221 2357; x_wconf 86' lang='lat' dir='ltr'><strong>welche</strong></span> <span class='ocrx_word' id='word_1_385' title='bbox 2276 2300 2402 2358; x_wconf 87' lang='lat' dir='ltr'><strong>eine</strong></span> <span class='ocrx_word' id='word_1_386' title='bbox 2456 2301 2551 2357; x_wconf 90' lang='lat' dir='ltr'><strong>be-</strong></span> 
     </span>
     <span class='ocr_line' id='line_1_61' title="bbox 1427 2372 2554 2430; baseline -0.001 -1"><span class='ocrx_word' id='word_1_387' title='bbox 1427 2373 1678 2429; x_wconf 83' lang='lat' dir='ltr'><strong>stimmte</strong></span> <span class='ocrx_word' id='word_1_388' title='bbox 1732 2374 1972 2430; x_wconf 87' lang='lat' dir='ltr'><strong>Ansicht</strong></span> <span class='ocrx_word' id='word_1_389' title='bbox 2031 2392 2146 2429; x_wconf 83' lang='lat' dir='ltr'><strong>von</strong></span> <span class='ocrx_word' id='word_1_390' title='bbox 2210 2374 2339 2429; x_wconf 86' lang='lat' dir='ltr'><strong>dem</strong></span> <span class='ocrx_word' id='word_1_391' title='bbox 2394 2372 2554 2429; x_wconf 86' lang='lat' dir='ltr'><strong>Geist</strong></span> 
     </span>
     <span class='ocr_line' id='line_1_62' title="bbox 1426 2444 2549 2515; baseline -0.003 -14"><span class='ocrx_word' id='word_1_392' title='bbox 1426 2448 1757 2515; x_wconf 72' lang='lat' dir='ltr'><strong>vorti-agen,</strong></span> <span class='ocrx_word' id='word_1_393' title='bbox 1793 2445 2141 2501; x_wconf 77' lang='lat' dir='ltr'><strong>namentlich</strong></span> <span class='ocrx_word' id='word_1_394' title='bbox 2179 2445 2272 2500; x_wconf 86' lang='lat' dir='ltr'><strong>die</strong></span> <span class='ocrx_word' id='word_1_395' title='bbox 2310 2444 2549 2501; x_wconf 86' lang='lat' dir='ltr'><strong>Stoiker.</strong></span> 
     </span>
    </p>

    <p class='ocr_par' dir='ltr' id='par_1_13' title="bbox 1499 2516 2552 2585">
     <span class='ocr_line' id='line_1_63' title="bbox 1499 2516 2552 2585; baseline -0.001 -14"><span class='ocrx_word' id='word_1_396' title='bbox 1499 2517 1669 2583; x_wconf 80' lang='lat' dir='ltr'><strong>fateri</strong></span> <span class='ocrx_word' id='word_1_397' title='bbox 1718 2518 1950 2573; x_wconf 70' lang='lat' dir='ltr'><strong>&#39;ne-scire.</strong></span> <span class='ocrx_word' id='word_1_398' title='bbox 2035 2516 2154 2572; x_wconf 88' lang='lat' dir='ltr'><strong>Die·</strong></span> <span class='ocrx_word' id='word_1_399' title='bbox 2202 2516 2552 2585; x_wconf 79' lang='lat' dir='ltr'><strong>Auslassung</strong></span> 
     </span>
    </p>

    <p class='ocr_par' dir='ltr' id='par_1_14' title="bbox 1425 2585 2552 3153">
     <span class='ocr_line' id='line_1_64' title="bbox 1427 2585 2547 2644; baseline -0.002 -3"><span class='ocrx_word' id='word_1_400' title='bbox 1427 2586 1527 2641; x_wconf 83' lang='lat' dir='ltr'><strong>des</strong></span> <span class='ocrx_word' id='word_1_401' title='bbox 1583 2586 1899 2643; x_wconf 87' lang='lat' dir='ltr'><strong>Pronomen</strong></span> <span class='ocrx_word' id='word_1_402' title='bbox 1954 2587 2048 2643; x_wconf 89' lang='lat' dir='ltr'><strong>bei</strong></span> <span class='ocrx_word' id='word_1_403' title='bbox 2097 2587 2227 2642; x_wconf 90' lang='lat' dir='ltr'><strong>dem</strong></span> <span class='ocrx_word' id='word_1_404' title='bbox 2262 2585 2460 2644; x_wconf 83' lang='lat' dir='ltr'><strong>Aecus.</strong></span> <span class='ocrx_word' id='word_1_405' title='bbox 2501 2604 2547 2641; x_wconf 91' lang='lat' dir='ltr'><strong>c.</strong></span> 
     </span>
     <span class='ocr_line' id='line_1_65' title="bbox 1427 2657 2551 2715; baseline -0.002 -3"><span class='ocrx_word' id='word_1_406' title='bbox 1427 2657 1526 2713; x_wconf 84' lang='lat' dir='ltr'><strong>inf.</strong></span> <span class='ocrx_word' id='word_1_407' title='bbox 1563 2657 1641 2712; x_wconf 83' lang='lat' dir='ltr'><strong>ist</strong></span> <span class='ocrx_word' id='word_1_408' title='bbox 1674 2659 1767 2713; x_wconf 89' lang='lat' dir='ltr'><strong>bei</strong></span> <span class='ocrx_word' id='word_1_409' title='bbox 1798 2658 1911 2714; x_wconf 87' lang='lat' dir='ltr'><strong>Cic.</strong></span> <span class='ocrx_word' id='word_1_410' title='bbox 1948 2659 2082 2715; x_wconf 75' lang='lat' dir='ltr'><strong>weit</strong></span> <span class='ocrx_word' id='word_1_411' title='bbox 2108 2659 2318 2713; x_wconf 84' lang='lat' dir='ltr'><strong>seltner</strong></span> <span class='ocrx_word' id='word_1_412' title='bbox 2344 2659 2429 2713; x_wconf 76' lang='lat' dir='ltr'><strong>als</strong></span> <span class='ocrx_word' id='word_1_413' title='bbox 2456 2657 2551 2712; x_wconf 90' lang='lat' dir='ltr'><strong>bei</strong></span> 
     </span>
     <span class='ocr_line' id='line_1_66' title="bbox 1428 2728 2551 2799; baseline -0.003 -15"><span class='ocrx_word' id='word_1_414' title='bbox 1428 2729 1540 2784; x_wconf 90' lang='lat' dir='ltr'><strong>den</strong></span> <span class='ocrx_word' id='word_1_415' title='bbox 1593 2728 1976 2799; x_wconf 87' lang='lat' dir='ltr'><strong>Historikern,</strong></span> <span class='ocrx_word' id='word_1_416' title='bbox 2030 2729 2146 2784; x_wconf 85' lang='lat' dir='ltr'><strong>und</strong></span> <span class='ocrx_word' id='word_1_417' title='bbox 2200 2728 2377 2783; x_wconf 87' lang='lat' dir='ltr'><strong>findet</strong></span> <span class='ocrx_word' id='word_1_418' title='bbox 2430 2728 2551 2783; x_wconf 90' lang='lat' dir='ltr'><strong>sich</strong></span> 
     </span>
     <span class='ocr_line' id='line_1_67' title="bbox 1427 2799 2551 2869; baseline 0 -15"><span class='ocrx_word' id='word_1_419' title='bbox 1427 2799 1756 2868; x_wconf 85' lang='lat' dir='ltr'><strong>besonders‚</strong></span> <span class='ocrx_word' id='word_1_420' title='bbox 1791 2817 1906 2867; x_wconf 80' lang='lat' dir='ltr'><strong>wo,</strong></span> <span class='ocrx_word' id='word_1_421' title='bbox 1945 2799 2051 2856; x_wconf 83' lang='lat' dir='ltr'><strong>wie</strong></span> <span class='ocrx_word' id='word_1_422' title='bbox 2085 2799 2234 2869; x_wconf 86' lang='lat' dir='ltr'><strong>hier,</strong></span> <span class='ocrx_word' id='word_1_423' title='bbox 2282 2800 2382 2855; x_wconf 78' lang='lat' dir='ltr'><strong>das</strong></span> <span class='ocrx_word' id='word_1_424' title='bbox 2416 2799 2551 2854; x_wconf 88' lang='lat' dir='ltr'><strong>Pro·</strong></span> 
     </span>
     <span class='ocr_line' id='line_1_68' title="bbox 1428 2870 2550 2927; baseline -0.002 -2"><span class='ocrx_word' id='word_1_425' title='bbox 1428 2888 1634 2927; x_wconf 87' lang='lat' dir='ltr'><strong>nomen</strong></span> <span class='ocrx_word' id='word_1_426' title='bbox 1670 2871 1843 2927; x_wconf 82' lang='lat' dir='ltr'><strong>sehon</strong></span> <span class='ocrx_word' id='word_1_427' title='bbox 1878 2871 1940 2926; x_wconf 91' lang='lat' dir='ltr'><strong>in</strong></span> <span class='ocrx_word' id='word_1_428' title='bbox 1975 2871 2214 2926; x_wconf 76' lang='lat' dir='ltr'><strong>auderet</strong></span> <span class='ocrx_word' id='word_1_429' title='bbox 2239 2871 2428 2927; x_wconf 80' lang='lat' dir='ltr'><strong>Weiss</strong></span> <span class='ocrx_word' id='word_1_430' title='bbox 2456 2870 2550 2927; x_wconf 88' lang='lat' dir='ltr'><strong>bei</strong></span> 
     </span>
     <span class='ocr_line' id='line_1_69' title="bbox 1428 2941 2552 3010; baseline 0 -14"><span class='ocrx_word' id='word_1_431' title='bbox 1428 2941 1557 2997; x_wconf 85' lang='lat' dir='ltr'><strong>dem</strong></span> <span class='ocrx_word' id='word_1_432' title='bbox 1573 2942 1822 2998; x_wconf 84' lang='lat' dir='ltr'><strong>Verbum</strong></span> <span class='ocrx_word' id='word_1_433' title='bbox 1851 2944 2029 3010; x_wconf 87' lang='lat' dir='ltr'><strong>steht,</strong></span> <span class='ocrx_word' id='word_1_434' title='bbox 2058 2943 2197 2998; x_wconf 82' lang='lat' dir='ltr'><strong>aber</strong></span> <span class='ocrx_word' id='word_1_435' title='bbox 2221 2943 2365 2998; x_wconf 83' lang='lat' dir='ltr'><strong>auch</strong></span> <span class='ocrx_word' id='word_1_436' title='bbox 2395 2945 2552 2999; x_wconf 80' lang='lat' dir='ltr'><strong>sonet</strong></span> 
     </span>
     <span class='ocr_line' id='line_1_70' title="bbox 1425 3012 2550 3083; baseline -0.001 -16"><span class='ocrx_word' id='word_1_437' title='bbox 1425 3012 1486 3067; x_wconf 87' lang='lat' dir='ltr'><strong>in</strong></span> <span class='ocrx_word' id='word_1_438' title='bbox 1534 3013 1743 3069; x_wconf 82' lang='lat' dir='ltr'><strong>kurzen</strong></span> <span class='ocrx_word' id='word_1_439' title='bbox 1790 3013 2008 3071; x_wconf 62' lang='lat' dir='ltr'><strong>Satzen.</strong></span> <span class='ocrx_word' id='word_1_440' title='bbox 2082 3013 2136 3067; x_wconf 94' lang='lat' dir='ltr'><strong>II</strong></span> <span class='ocrx_word' id='word_1_441' title='bbox 2176 3020 2239 3069; x_wconf 77' lang='lat'><strong>17</strong></span> <span class='ocrx_word' id='word_1_442' title='bbox 2258 3057 2271 3083; x_wconf 89' lang='lat'>,</span> <span class='ocrx_word' id='word_1_443' title='bbox 2309 3019 2395 3069; x_wconf 88' lang='grc'><strong>40.</strong></span> <span class='ocrx_word' id='word_1_444' title='bbox 2469 3012 2550 3067; x_wconf 94' lang='grc' dir='ltr'><strong>ΠΙ</strong></span> 
     </span>
     <span class='ocr_line' id='line_1_71' title="bbox 1425 3090 1645 3153; baseline 0.014 -15"><span class='ocrx_word' id='word_1_445' title='bbox 1425 3090 1522 3153; x_wconf 81' lang='lat'><strong>25,</strong></span> <span class='ocrx_word' id='word_1_446' title='bbox 1559 3090 1645 3142; x_wconf 77' lang='lat' dir='ltr'><strong>so,</strong></span> 
     </span>
    </p>

    <p class='ocr_par' dir='ltr' id='par_1_15' title="bbox 1424 3155 2546 3283">
     <span class='ocr_line' id='line_1_72' title="bbox 1496 3155 2546 3212; baseline 0 -2"><span class='ocrx_word' id='word_1_447' title='bbox 1496 3157 1640 3212; x_wconf 73' lang='lat' dir='ltr'><strong>alud</strong></span> <span class='ocrx_word' id='word_1_448' title='bbox 1692 3156 1834 3211; x_wconf 79' lang='lat' dir='ltr'><strong>wird</strong></span> <span class='ocrx_word' id='word_1_449' title='bbox 1896 3155 2073 3211; x_wconf 85' lang='lat' dir='ltr'><strong>durch</strong></span> <span class='ocrx_word' id='word_1_450' title='bbox 2138 3156 2246 3211; x_wconf 86' lang='lat' dir='ltr'><strong>den</strong></span> <span class='ocrx_word' id='word_1_451' title='bbox 2297 3155 2546 3211; x_wconf 81' lang='lat' dir='ltr'><strong>Infinitiv</strong></span> 
     </span>
     <span class='ocr_line' id='line_1_73' title="bbox 1424 3226 2143 3283; baseline 0.001 -1"><span class='ocrx_word' id='word_1_452' title='bbox 1424 3242 1534 3283; x_wconf 74' lang='lat' dir='ltr'><strong>esse</strong></span> <span class='ocrx_word' id='word_1_453' title='bbox 1568 3228 1821 3282; x_wconf 78' lang='lat' dir='ltr'><strong>divinum</strong></span> <span class='ocrx_word' id='word_1_454' title='bbox 1856 3226 2143 3283; x_wconf 57' lang='lat' dir='ltr'><strong>erlflutert.</strong></span> 
     </span>
    </p>

    <p class='ocr_par' dir='ltr' id='par_1_16' title="bbox 1413 3296 2551 3581">
     <span class='ocr_line' id='line_1_74' title="bbox 1451 3296 2548 3366; baseline -0.002 -13"><span class='ocrx_word' id='word_1_455' title='bbox 1451 3327 1469 3362; x_wconf 61' lang='grc' dir='ltr'><em>ι</em></span> <span class='ocrx_word' id='word_1_456' title='bbox 1497 3299 1818 3366; x_wconf 77' lang='lat' dir='ltr'><strong>adfirmare,</strong></span> <span class='ocrx_word' id='word_1_457' title='bbox 1867 3298 1992 3354; x_wconf 88' lang='lat' dir='ltr'><strong>eine</strong></span> <span class='ocrx_word' id='word_1_458' title='bbox 2040 3299 2361 3353; x_wconf 85' lang='lat' dir='ltr'><strong>bestimmte</strong></span> <span class='ocrx_word' id='word_1_459' title='bbox 2405 3296 2548 3351; x_wconf 83' lang='lat' dir='ltr'><strong>Mei-</strong></span> 
     </span>
     <span class='ocr_line' id='line_1_75' title="bbox 1422 3367 2547 3440; baseline -0.002 -17"><span class='ocrx_word' id='word_1_460' title='bbox 1422 3386 1578 3439; x_wconf 85' lang='lat' dir='ltr'><strong>nung</strong></span> <span class='ocrx_word' id='word_1_461' title='bbox 1612 3372 1931 3440; x_wconf 83' lang='lat' dir='ltr'><strong>vortragen.</strong></span> <span class='ocrx_word' id='word_1_462' title='bbox 2005 3369 2180 3425; x_wconf 78' lang='lat' dir='ltr'><strong>Acad.</strong></span> <span class='ocrx_word' id='word_1_463' title='bbox 2217 3367 2269 3422; x_wconf 91' lang='lat'><strong>11</strong></span> <span class='ocrx_word' id='word_1_464' title='bbox 2296 3374 2348 3436; x_wconf 87' lang='grc'><strong>3,</strong></span> <span class='ocrx_word' id='word_1_465' title='bbox 2377 3374 2410 3424; x_wconf 85' lang='grc'>8</span> <span class='ocrx_word' id='word_1_466' title='bbox 2446 3384 2547 3424; x_wconf 74' lang='lat' dir='ltr'><strong>nos</strong></span> 
     </span>
     <span class='ocr_line' id='line_1_76' title="bbox 1413 3440 2551 3509; baseline 0 -14"><span class='ocrx_word' id='word_1_467' title='bbox 1413 3441 1738 3508; x_wconf 81' lang='lat' dir='ltr'><strong>probabilia</strong></span> <span class='ocrx_word' id='word_1_468' title='bbox 1772 3442 1947 3496; x_wconf 79' lang='lat' dir='ltr'><strong>multa</strong></span> <span class='ocrx_word' id='word_1_469' title='bbox 1977 3440 2258 3507; x_wconf 77' lang='lat' dir='ltr'><strong>habemus,</strong></span> <span class='ocrx_word' id='word_1_470' title='bbox 2293 3455 2434 3509; x_wconf 76' lang='lat' dir='ltr'><strong>quae</strong></span> <span class='ocrx_word' id='word_1_471' title='bbox 2467 3455 2551 3495; x_wconf 82' lang='lat' dir='ltr'><strong>se·</strong></span> 
     </span>
     <span class='ocr_line' id='line_1_77' title="bbox 1425 3512 2544 3581; baseline 0 -16"><span class='ocrx_word' id='word_1_472' title='bbox 1425 3512 1525 3581; x_wconf 72' lang='lat' dir='ltr'><strong>qui</strong></span> <span class='ocrx_word' id='word_1_473' title='bbox 1560 3512 1751 3578; x_wconf 77' lang='lat' dir='ltr'><strong>facile,</strong></span> <span class='ocrx_word' id='word_1_474' title='bbox 1787 3512 2083 3579; x_wconf 68' lang='lat' dir='ltr'><strong>adfiomare</strong></span> <span class='ocrx_word' id='word_1_475' title='bbox 2107 3513 2206 3566; x_wconf 76' lang='lat' dir='ltr'><strong>vix</strong></span> <span class='ocrx_word' id='word_1_476' title='bbox 2234 3526 2544 3581; x_wconf 73' lang='lat' dir='ltr'><strong>possumus.</strong></span> 
     </span>
    </p>

    <p class='ocr_par' dir='ltr' id='par_1_17' title="bbox 1424 3581 2548 3866">
     <span class='ocr_line' id='line_1_78' title="bbox 1496 3581 2546 3654; baseline -0.001 -18"><span class='ocrx_word' id='word_1_477' title='bbox 1496 3584 1610 3637; x_wconf 80' lang='lat' dir='ltr'><strong>sive</strong></span> <span class='ocrx_word' id='word_1_478' title='bbox 1627 3612 1694 3622; x_wconf 92' lang='lat'><strong>—-</strong></span> <span class='ocrx_word' id='word_1_479' title='bbox 1713 3584 1802 3638; x_wconf 81' lang='lat' dir='ltr'><strong>sit.</strong></span> <span class='ocrx_word' id='word_1_480' title='bbox 1876 3581 1990 3638; x_wconf 89' lang='lat' dir='ltr'><strong>Der</strong></span> <span class='ocrx_word' id='word_1_481' title='bbox 2017 3581 2365 3654; x_wconf 80' lang='lat' dir='ltr'><strong>Konjunktiv</strong></span> <span class='ocrx_word' id='word_1_482' title='bbox 2393 3581 2546 3636; x_wconf 79' lang='lat' dir='ltr'><strong>steht</strong></span> 
     </span>
     <span class='ocr_line' id='line_1_79' title="bbox 1425 3653 2545 3723; baseline -0.001 -15"><span class='ocrx_word' id='word_1_483' title='bbox 1425 3669 1625 3723; x_wconf 80' lang='lat' dir='ltr'><strong>wegen</strong></span> <span class='ocrx_word' id='word_1_484' title='bbox 1671 3654 1772 3709; x_wconf 88' lang='lat' dir='ltr'><strong>der</strong></span> <span class='ocrx_word' id='word_1_485' title='bbox 1808 3653 1960 3709; x_wconf 76' lang='lat' dir='ltr'><strong>Orat.</strong></span> <span class='ocrx_word' id='word_1_486' title='bbox 2000 3653 2110 3709; x_wconf 91' lang='lat' dir='ltr'><strong>obl.</strong></span> <span class='ocrx_word' id='word_1_487' title='bbox 2184 3654 2347 3708; x_wconf 73' lang='lat' dir='ltr'><strong>Nach</strong></span> <span class='ocrx_word' id='word_1_488' title='bbox 2388 3654 2545 3708; x_wconf 76' lang='lat' dir='ltr'><strong>iura-</strong></span> 
     </span>
     <span class='ocr_line' id='line_1_80' title="bbox 1425 3723 2547 3793; baseline -0.003 -14"><span class='ocrx_word' id='word_1_489' title='bbox 1425 3741 1537 3780; x_wconf 84' lang='lat' dir='ltr'><strong>rem</strong></span> <span class='ocrx_word' id='word_1_490' title='bbox 1566 3725 1732 3781; x_wconf 85' lang='lat' dir='ltr'><strong>sollte</strong></span> <span class='ocrx_word' id='word_1_491' title='bbox 1758 3742 1893 3781; x_wconf 82' lang='lat' dir='ltr'><strong>man</strong></span> <span class='ocrx_word' id='word_1_492' title='bbox 1923 3730 2055 3781; x_wconf 84' lang='lat' dir='ltr'><strong>esset</strong></span> <span class='ocrx_word' id='word_1_493' title='bbox 2083 3728 2374 3793; x_wconf 78' lang='lat' dir='ltr'><strong>erwarten,</strong></span> <span class='ocrx_word' id='word_1_494' title='bbox 2410 3723 2547 3779; x_wconf 76' lang='lat' dir='ltr'><strong>aber</strong></span> 
     </span>
     <span class='ocr_line' id='line_1_81' title="bbox 1424 3793 2548 3866; baseline -0.003 -16"><span class='ocrx_word' id='word_1_495' title='bbox 1424 3811 1623 3866; x_wconf 84' lang='lat' dir='ltr'><strong>wegen</strong></span> <span class='ocrx_word' id='word_1_496' title='bbox 1660 3795 1758 3851; x_wconf 86' lang='lat' dir='ltr'><strong>des</strong></span> <span class='ocrx_word' id='word_1_497' title='bbox 1794 3795 1898 3851; x_wconf 85' lang='lat' dir='ltr'><strong>Inf.</strong></span> <span class='ocrx_word' id='word_1_498' title='bbox 1934 3813 2115 3866; x_wconf 77' lang='lat' dir='ltr'><strong>praes.</strong></span> <span class='ocrx_word' id='word_1_499' title='bbox 2161 3812 2269 3851; x_wconf 83' lang='lat' dir='ltr'><strong>esse</strong></span> <span class='ocrx_word' id='word_1_500' title='bbox 2312 3795 2428 3850; x_wconf 85' lang='lat' dir='ltr'><strong>und</strong></span> <span class='ocrx_word' id='word_1_501' title='bbox 2472 3793 2548 3847; x_wconf 77' lang='lat' dir='ltr'><strong>da.</strong></span> 
     </span>
    </p>
   </div>
   <div class='ocr_carea' id='block_1_7' title="bbox 1387 3865 2544 3938">
    <p class='ocr_par' dir='ltr' id='par_1_18' title="bbox 1387 3865 2544 3938">
     <span class='ocr_line' id='line_1_82' title="bbox 1387 3865 2544 3938; baseline 0 -17"><span class='ocrx_word' id='word_1_502' title='bbox 1387 3875 1397 3884; x_wconf 84' lang='grc'><em>“</em></span> <span class='ocrx_word' id='word_1_503' title='bbox 1428 3865 1539 3922; x_wconf 89' lang='lat' dir='ltr'><strong>Cic.</strong></span> <span class='ocrx_word' id='word_1_504' title='bbox 1569 3867 1669 3921; x_wconf 88' lang='lat' dir='ltr'><strong>der</strong></span> <span class='ocrx_word' id='word_1_505' title='bbox 1696 3866 1964 3923; x_wconf 75' lang='lat' dir='ltr'><strong>Gedanke</strong></span> <span class='ocrx_word' id='word_1_506' title='bbox 1990 3867 2145 3923; x_wconf 88' lang='lat' dir='ltr'><strong>einer</strong></span> <span class='ocrx_word' id='word_1_507' title='bbox 2170 3867 2544 3938; x_wconf 78' lang='lat' dir='ltr'><strong>Behauptung</strong></span> 
     </span>
    </p>
   </div>
   <div class='ocr_carea' id='block_1_8' title="bbox 1419 3936 2548 4433">
    <p class='ocr_par' dir='ltr' id='par_1_19' title="bbox 1419 3936 2548 4433">
     <span class='ocr_line' id='line_1_83' title="bbox 1419 3936 2548 4009; baseline -0.001 -17"><span class='ocrx_word' id='word_1_508' title='bbox 1419 3938 1482 3992; x_wconf 87' lang='lat' dir='ltr'><strong>in</strong></span> <span class='ocrx_word' id='word_1_509' title='bbox 1525 3936 1626 3993; x_wconf 84' lang='lat' dir='ltr'><strong>der</strong></span> <span class='ocrx_word' id='word_1_510' title='bbox 1667 3937 2005 4009; x_wconf 80' lang='lat' dir='ltr'><strong>Gegenwart</strong></span> <span class='ocrx_word' id='word_1_511' title='bbox 2046 3937 2423 4005; x_wconf 80' lang='lat' dir='ltr'><strong>vorschwebt,</strong></span> <span class='ocrx_word' id='word_1_512' title='bbox 2467 3936 2548 3991; x_wconf 82' lang='lat' dir='ltr'><strong>ist</strong></span> 
     </span>
     <span class='ocr_line' id='line_1_84' title="bbox 1419 4009 2544 4078; baseline -0.001 -15"><span class='ocrx_word' id='word_1_513' title='bbox 1419 4010 1496 4063; x_wconf 83' lang='lat' dir='ltr'><strong>sit</strong></span> <span class='ocrx_word' id='word_1_514' title='bbox 1531 4011 1761 4078; x_wconf 83' lang='lat' dir='ltr'><strong>gesetzt.</strong></span> <span class='ocrx_word' id='word_1_515' title='bbox 1833 4009 1903 4065; x_wconf 84' lang='lat' dir='ltr'><strong>de</strong></span> <span class='ocrx_word' id='word_1_516' title='bbox 1939 4010 2030 4064; x_wconf 84' lang='lat' dir='ltr'><strong>fin.</strong></span> <span class='ocrx_word' id='word_1_517' title='bbox 2070 4011 2097 4064; x_wconf 94' lang='lat' dir='ltr'>I</span> <span class='ocrx_word' id='word_1_518' title='bbox 2134 4016 2192 4077; x_wconf 76' lang='lat'><strong>7,</strong></span> <span class='ocrx_word' id='word_1_519' title='bbox 2230 4014 2298 4063; x_wconf 78' lang='lat'><strong>25</strong></span> <span class='ocrx_word' id='word_1_520' title='bbox 2333 4010 2385 4063; x_wconf 81' lang='lat' dir='ltr'><strong>si</strong></span> <span class='ocrx_word' id='word_1_521' title='bbox 2420 4022 2544 4063; x_wconf 76' lang='lat' dir='ltr'><strong>con-</strong></span> 
     </span>
     <span class='ocr_line' id='line_1_85' title="bbox 1422 4079 2545 4148; baseline -0.002 -14"><span class='ocrx_word' id='word_1_522' title='bbox 1422 4080 1726 4147; x_wconf 76' lang='lat' dir='ltr'><strong>cederetur,</strong></span> <span class='ocrx_word' id='word_1_523' title='bbox 1772 4082 1985 4136; x_wconf 80' lang='lat' dir='ltr'><strong>etiamsi</strong></span> <span class='ocrx_word' id='word_1_524' title='bbox 2029 4081 2104 4135; x_wconf 85' lang='lat' dir='ltr'><strong>ad</strong></span> <span class='ocrx_word' id='word_1_525' title='bbox 2150 4095 2346 4148; x_wconf 73' lang='lat' dir='ltr'><strong>eorpus</strong></span> <span class='ocrx_word' id='word_1_526' title='bbox 2398 4079 2545 4134; x_wconf 68' lang='lat' dir='ltr'><strong>m‘hil</strong></span> 
     </span>
     <span class='ocr_line' id='line_1_86' title="bbox 1422 4150 2544 4221; baseline -0.002 -16"><span class='ocrx_word' id='word_1_527' title='bbox 1422 4150 1723 4218; x_wconf 76' lang='lat' dir='ltr'><strong>referatur,</strong></span> <span class='ocrx_word' id='word_1_528' title='bbox 1767 4153 1879 4206; x_wconf 79' lang='lat' dir='ltr'><strong>ista</strong></span> <span class='ocrx_word' id='word_1_529' title='bbox 1912 4166 2017 4206; x_wconf 77' lang='lat' dir='ltr'><strong>sua</strong></span> <span class='ocrx_word' id='word_1_530' title='bbox 2050 4155 2238 4220; x_wconf 76' lang='lat' dir='ltr'><strong>sponte</strong></span> <span class='ocrx_word' id='word_1_531' title='bbox 2272 4155 2323 4205; x_wconf 78' lang='lat' dir='ltr'><strong>et</strong></span> <span class='ocrx_word' id='word_1_532' title='bbox 2352 4167 2455 4221; x_wconf 77' lang='lat' dir='ltr'><strong>per</strong></span> <span class='ocrx_word' id='word_1_533' title='bbox 2488 4165 2544 4204; x_wconf 82' lang='lat' dir='ltr'><strong>se</strong></span> 
     </span>
     <span class='ocr_line' id='line_1_87' title="bbox 1422 4220 2542 4278; baseline -0.002 -1"><span class='ocrx_word' id='word_1_534' title='bbox 1422 4238 1533 4277; x_wconf 80' lang='lat' dir='ltr'><strong>esse</strong></span> <span class='ocrx_word' id='word_1_535' title='bbox 1584 4223 1850 4278; x_wconf 59' lang='lat' dir='ltr'><strong>iucunda.</strong></span> <span class='ocrx_word' id='word_1_536' title='bbox 1924 4220 2058 4276; x_wconf 79' lang='lat' dir='ltr'><strong>San.</strong></span> <span class='ocrx_word' id='word_1_537' title='bbox 2097 4220 2215 4277; x_wconf 83' lang='lat' dir='ltr'><strong>Cat.</strong></span> <span class='ocrx_word' id='word_1_538' title='bbox 2265 4228 2294 4276; x_wconf 77' lang='lat'>7</span> <span class='ocrx_word' id='word_1_539' title='bbox 2350 4237 2542 4276; x_wconf 84' lang='lat' dir='ltr'><strong>memo-</strong></span> 
     </span>
     <span class='ocr_line' id='line_1_88' title="bbox 1422 4293 2546 4363; baseline 0 -15"><span class='ocrx_word' id='word_1_540' title='bbox 1422 4309 1552 4348; x_wconf 86' lang='lat' dir='ltr'><strong>rare</strong></span> <span class='ocrx_word' id='word_1_541' title='bbox 1574 4308 1783 4362; x_wconf 83' lang='lat' dir='ltr'><strong>possem</strong></span> <span class='ocrx_word' id='word_1_542' title='bbox 1808 4294 2006 4363; x_wconf 78' lang='lat' dir='ltr'><strong>quibus</strong></span> <span class='ocrx_word' id='word_1_543' title='bbox 2031 4294 2096 4346; x_wconf 75' lang='lat' dir='ltr'><strong>in</strong></span> <span class='ocrx_word' id='word_1_544' title='bbox 2123 4293 2254 4348; x_wconf 79' lang='lat' dir='ltr'><strong>locis</strong></span> <span class='ocrx_word' id='word_1_545' title='bbox 2270 4293 2546 4348; x_wconf 70' lang='lat' dir='ltr'><strong>maximas</strong></span> 
     </span>
     <span class='ocr_line' id='line_1_89' title="bbox 1423 4363 2337 4433; baseline -0.003 -13"><span class='ocrx_word' id='word_1_546' title='bbox 1423 4365 1659 4420; x_wconf 77' lang='lat' dir='ltr'><strong>hostium</strong></span> <span class='ocrx_word' id='word_1_547' title='bbox 1694 4365 1882 4432; x_wconf 79' lang='lat' dir='ltr'><strong>copias</strong></span> <span class='ocrx_word' id='word_1_548' title='bbox 1907 4380 1967 4433; x_wconf 75' lang='lat' dir='ltr'><strong>p.</strong></span> <span class='ocrx_word' id='word_1_549' title='bbox 2007 4363 2077 4419; x_wconf 80' lang='lat' dir='ltr'><strong>R.</strong></span> <span class='ocrx_word' id='word_1_550' title='bbox 2113 4364 2337 4430; x_wconf 76' lang='lat' dir='ltr'><strong>fuderit.</strong></span> 
     </span>
    </p>
   </div>
  </div>
 </body>
</html>
