2902 4649
385 150 516 215 144
1164 149 1240 208 M.
1278 149 1528 206 TULLII
1564 148 1952 206 CICERONI-S

379 326 620 400 putant,
668 318 740 380 ab
787 319 980 397 iisque
1032 315 1334 378 abstinere
1392 319 1636 378 minime
1692 336 1826 379 esse
1881 317 2147 399 difficile,
2205 321 2257 379 si
2311 327 2414 380 aut
2467 319 2755 383 valetudo

382 415 485 469 aut
532 408 796 469 officium
841 415 944 468 aut
999 407 1152 467 fama
1196 406 1484 486 postulet,
1540 409 1902 487 omninoque
1958 425 2148 487 genus
2203 407 2318 469 hoc
2373 407 2754 489 voluptatum

289 511 362 563 95
383 496 642 578 optabile
702 514 862 578 esse,
928 497 981 555 si
1035 514 1158 556 non
1209 494 1395 577 obsit,
1460 495 1748 576 prodesse
1803 513 2144 576 numquam.
2236 497 2574 577 Totumque
2631 498 2752 561 hoc

386 586 460 647 de
506 584 809 665 voluptate
856 587 943 645 sic
1002 583 1099 645 ille
1144 586 1463 666 praecipit,
1519 594 1586 646 ut
1630 584 1994 665 voluptatem
2047 587 2236 664 ipsam
2290 601 2401 666 per
2457 605 2551 667 se,
2608 590 2752 667 quia

384 674 659 755 voluptas
725 677 829 755 sit,
894 691 1131 753 semper
1196 673 1514 753 optandam
1579 673 2089 754 expetendamque
2153 683 2353 758 putet,
2417 675 2747 756 eademque

384 766 620 824 ratione
667 762 937 824 dolorem
981 762 1058 823 ob
1104 762 1165 823 id
1210 764 1433 843 ipsum,
1492 765 1630 842 quia
1666 758 1846 825 'dolor
1892 765 1995 844 sit,
2052 781 2288 844 semper
2334 769 2469 825 esse
2516 765 2750 844 fugien-

386 851 559 933 dum3
604 854 805 931 itaque
852 851 964 913 hac
1012 869 1263 913 usurum
1322 853 1785 932 conpensatione
1833 854 2187 934 sapientem,
2242 862 2311 914 ut
2365 863 2426 914 et
2480 853 2749 935 volupta-

386 950 512 1002 tem
557 942 770 1023 fugiat,
816 943 869 1001 si
915 958 983 1002 ea
1029 943 1314 1001 maiorem
1352 940 1619 1002 dolorem
1657 940 1942 1002 effectura
1984 943 2087 1023 sit,
2134 950 2195 1002 et
2239 941 2505 1003 dolorem
2553 946 2746 1005 susci-

384 1032 830 1109 piat·maiorem
868 1030 1224 1091 efficientem
1262 1028 1652 1111 voluptatem,
1699 1032 2013 1110 omniaque
2051 1031 2338 1111 iucunda,
2377 1047 2741 1111 quamquam

291 1134 362 1185 96
383 1137 567 1180 sensu
633 1120 902 1198 corporis
965 1119 1335 1200 iudicentur,
1408 1118 1483 1178 ad
1553 1121 1814 1180 animum
1880 1119 2095 1179 referri
2158 1128 2385 1200 tamen3
2456 1122 2741 1200 quocirca

382 1225 603 1288 corpus
669 1207 928 1287 gaudere
994 1215 1114 1267 tam
1179 1206 1309 1287 diu,
1384 1208 1526 1268 dum
1598 1214 1976 1288 praesentem
2042 1210 2295 1270 sentiret
2357 1208 2741 1291 voluptatem,

378 1299 642 1358 animum
689 1306 750 1358 et
794 1305 1172 1376 praesentem
1210 1298 1525 1376 percipere
1563 1299 1787 1377 pariter
1824 1315 1961 1358 cum
2000 1315 2254 1376 corpore
2292 1306 2354 1358 et
2390 1300 2741 1378 prospicere

376 1387 714 1447 venientem
769 1403 881 1446 nec
935 1386 1319 1466 praeteritam
1371 1385 1801 1465 praeterfluere
1859 1388 2085 1447 sinere:
2150 1388 2234 1447 ita
2292 1395 2616 1466 perpetuas
2673 1397 2738 1448 et

378 1481 686 1535 contextas
731 1474 1064 1553 voluptates
1110 1475 1172 1534 in
1220 1476 1489 1554 sapiente
1535 1475 1663 1536 fore
1707 1491 1970 1556 semper,
2018 1493 2155 1536 cum
2195 1477 2557 1555 exspectatio
2596 1494 2731 1556 spe-

377 1571 643 1625 ratarum
687 1563 1056 1643 voluptatum
1103 1581 1242 1624 cum
1287 1572 1707 1643 perceptarum
1753 1566 2038 1625 memoria
2085 1567 2454 1644 iungeretur.

267 1630 358 1758 ξιξ
555 1639 748 1732 Atque
794 1652 888 1713 his
947 1652 1159 1713 similia
1204 1651 1277 1712 ad
1323 1654 1547 1725 victum
1594 1655 1770 1713 etiam
1817 1653 2290 1735 transferuntur,
2351 1662 2736 1714 extenuatur-

378 1759 496 1821 que
542 1742 979 1821 magnificentia
1030 1749 1091 1801 et
1146 1748 1422 1850 sumptus
1481 1740 1818 1822 epularum,
1874 1742 2033 1821 quod
2078 1760 2260 1821 parvo
2307 1741 2472 1802 cultu
2523 1750 2735 1803 natura

377 1838 656 1891 contenta
713 1832 808 1891 sit.
897 1828 1134 1891 Etenim
1201 1831 1334 1909 quis
1349 1829 1513 1890 -hoc
1569 1848 1689 1890 non
1744 1831 1930 1911 videt,
1998 1830 2310 1895 desideriis
2366 1832 2568 1891 omnia
2623 1832 2736 1892 ista

375 1915 652 1981 condiri?
742 1917 956 1979 Darius
1002 1920 1065 1979 in
1112 1918 1251 1997 fuga
1297 1936 1434 1979 cum
1481 1936 1693 1997 aquam
1738 1917 2037 1982 turbidam
2096 1929 2156 1981 et
2211 1918 2600 1980 cadaveribus
2643 1922 2731 1980 in-

376 2009 679 2087 quinatam
740 2005 1015 2087 bibisset,
1076 2008 1312 2086 negavit
1369 2024 1653 2087 umquam
1715 2026 1778 2072 se
1840 2007 2062 2069 bibisse
2118 2008 2455 2070 iucundius,
2549 2008 2729 2069 Num·

377 2113 555 2176 quam
609 2095 885 2157 videlicet
943 2097 1152 2156 sitiens
1214 2094 1466 2157 biberat.
1556 2095 1681 2157 Nec
1738 2098 2010 2160 esuriens
2064 2096 2441 2158 Ptolemaeus
2502 2096 2731 2177 ederat3

375 2187 476 2247 cui
539 2203 675 2247 cum
731 2187 1072 2265 peragranti
1124 2183 1457 2264 Aegyptum
1511 2184 1828 2246 comitibus
1894 2204 2013 2246 non
2072 2188 2411 2247 consecutis
2470 2184 2730 2247 cibarius

374 2275 438 2335 in
485 2292 620 2335 casa
676 2276 844 2355 panis
901 2272 1074 2335 datus
1139 2282 1324 2355 esset,
1388 2273 1535 2335 nihil
1599 2275 1791 2336 visum
1858 2283 1950 2336 est
2013 2274 2113 2336 illo
2179 2293 2329 2355 pane
2393 2274 2729 2336 iucundius.

377 2362 666 2425 Socraten
731 2363 959 2443 ferunt,
1032 2381 1171 2423 cum
1237 2381 1428 2442 usque
1487 2362 1558 2426 ad
1615 2382 1931 2443 vesperum
1997 2367 2336 2426 contentius
2403 2363 2727 2424 ambularet

375 2455 830 2532 quaesitumque
877 2461 1037 2513 esset
1084 2470 1156 2512 ex
1205 2470 1304 2532 eo,
1359 2470 1476 2532 qua
1522 2470 1588 2514 re
1634 2451 1694 2516 id
1744 2452 1993 2534 faceret,
2039 2452 2431 2532 respondisse
2467 2471 2557 2533 se,
2604 2470 2726 2531 quo

1674 2696 2056 2764 praterflaere,
2093 2712 2194 2750 aus
2223 2695 2350 2750 dem
2381 2693 2725 2750 Gedachtnis

446 2695 685 2764 optabile
720 2710 829 2750 esse
857 2725 924 2734 —-
953 2710 1267 2784 numquam.
1329 2694 1496 2782 Diog.
1607 2765 2030 2821 entechwinden

373 2766 425 2820 X
471 2772 571 2822 118
610 2767 881 2821 συνουσία
926 2765 1019 2834 δέ,
1068 2782 1263 2853 φασιν,
1310 2783 1496 2853 ωνησε

374 2835 479 2907 μὲν
517 2832 820 2906 οὐδέποτε,
858 2831 1155 2907 ἀγαπητὸν
1202 2836 1267 2891 δὲ
1318 2835 1374 2892 εἰ
1419 2833 1495 2907 μὴ

372 2908 474 2963 ’καὶ
518 2906 783 2978 ἔβλαψεν.

446 2985 532 3034 95.
586 2980 918 3067 voluptatem
965 2979 1172 3066 ipsam.-
1205 2978 1397 3065 Diog.
1445 2978 1498 3032 X

378 3054 477 3104 141
504 3046 790 3137 Οὐδεμία
830 3045 1024 3136 ἡδονὴ
1080 3043 1222 3105 καθ’
1284 3046 1497 3119 ἑαυτὴν

371 3115 583 3208 κακόν,
611 3116 754 3176 ἄλλοι
781 3117 852 3174 τὰ
878 3121 1050 3175 τινῶν
1077 3116 1303 3190 ἡδονῶν
1330 3139 1492 3191 ποιη·

371 3187 503 3247 τικοὶ
567 3193 679 3262 (die
742 3191 787 3246 F
791 3193 979 3278 olgen)
1044 3193 1494 3255 πολλαπλασίως

375 3259 639 3334 ἐπιφέρει
673 3259 776 3327 τὰς
813 3257 1067 3332 ὀχλήσεις
1102 3263 1215 3316 τῶν
1252 3259 1491 3331 ἡδονῶν.

443 3337 734 3404 omniaque
769 3335 1034 3390 iucunda.
1106 3335 1222 3389 Fur
1248 3333 1359 3389 den
1386 3332 1493 3389 Ge·

373 3405 596 3462 danken
630 3407 744 3476 vgl.
784 3406 852 3461 de
888 3406 982 3462 fin.
1018 3405 1046 3458 Ι
1086 3412 1171 3476 17,
1200 3410 1267 3460 55
1303 3422 1493 3475 qnam-

372 3494 539 3546 quam
574 3482 755 3533 antem
790 3483 841 3532 et
886 3478 1154 3533 laetitiam
1196 3477 1355 3532 nobis
1399 3493 1492 3533 υο·

373 3550 560 3617 luptas
622 3549 801 3604 animi
861 3554 912 3604 et
976 3549 1276 3604 molestiam
1337 3548 1495 3604 dolor

374 3620 621 3686 adferat,
661 3635 851 3674 eornm
885 3625 1067 3674 tamen
1110 3624 1401 3689 utrimnque
1444 3625 1495 3676 et

374 3695 555 3745 ortum
590 3706 699 3745 esse
744 3707 772 3744 e
816 3706 1038 3759 corpore
1081 3696 1133 3746 et
1177 3692 1254 3746 ad
1297 3706 1495 3760 eorpus

370 3762 598 3829 referri,
660 3777 759 3817 nec
812 3762 876 3816 ob
931 3778 1049 3816 eam
1101 3777 1326 3817 cansam
1379 3777 1495 3817 non

372 3835 543 3889 multo
577 3834 812 3889 maiores
847 3848 957 3887 esse
1002 3837 1052 3887 et
1093 3834 1397 3901 voluptates
1444 3839 1494 3888 et

373 3905 585 3961 dolores
612 3906 790 3960 animi
814 3909 980 3973 qnam
1017 3905 1273 3972 corporis.
1343 3903 1495 3959 Nam

373 3991 596 4045 corpore
629 3977 774 4030 nihil
809 3977 924 4031 nisi
948 3990 1210 4045 praesens
1251 3980 1302 4029 et
1348 3976 1494 4046 qnod

374 4047 527 4103 adest
561 4048 764 4102 sentire·
795 4062 1114 4116 possumus,
1161 4047 1347 4101 animo
1392 4063 1494 4102 an-

373 4124 478 4174 tem
514 4124 564 4173 et
590 4120 895 4187 praeterita
931 4125 981 4174 et
1014 4119 1230 4186 futura.

448 4194 535 4244 96.
572 4190 819 4256 sentiret,
875 4190 1013 4246 iiber
1049 4190 1149 4244 das
1187 4188 1496 4258 Imperfekt

372 4259 522 4314 nach
548 4261 828 4329 praecipit
865 4279 907 4315 ε.
947 4280 992 4315 z.
1031 4260 1111 4315 III
1151 4266 1236 4329 15,
1265 4265 1333 4315 32
1372 4277 1495 4316 cum

374 4332 615 4387 venisset.

1676 2842 1980 2904 contextas,
2018 2837 2072 2894 d.
2108 2837 2146 2893 i.
2184 2841 2332 2893 arcte
2366 2837 2514 2892 inter
2547 2852 2603 2891 se
2636 2851 2723 2892 co—

1602 2909 1895 2965 haerentes.
1970 2909 2043 2963 ad
2078 2908 2212 2964 fam.
2253 2907 2302 2961 V
2344 2914 2428 2975 12,
2465 2913 2497 2962 2
2536 2913 2602 2963 nt
2641 2923 2725 2963 eo-

1603 2980 1835 3049 9itares,
1908 2981 2264 3035 coniunctene
2345 2979 2536 3035 malles
2606 2994 2727 3034 cum

1603 3052 1709 3106 reli
1741 3052 1832 3106 uis
1867 3055 2058 3107 nostra
2093 3057 2383 3106 contexere.

1756 3140 1812 3191 p.
1850 3121 1947 3179 34.
2022 3127 2110 3177 97.
2153 3121 2387 3177 Darius.
2463 3119 2727 3176 Gemeint

1598 3192 1676 3247 ist
1695 3192 1999 3263 jedenfalls
2017 3192 2221 3247 Darius
2242 3192 2596 3249 Codomauus
2621 3192 2724 3247 auf

1600 3264 1700 3318 der
1735 3263 1941 3320 Flucht
1975 3281 2077 3320 vor
2112 3263 2442 3320 Alexander.

1671 3336 1932 3391 cibarius.
2005 3334 2203 3391 Isidor.
2235 3334 2387 3405 Orig.
2416 3333 2520 3387 XX
2550 3340 2583 3389 2
2613 3334 2719 3390 Pa-

1598 3407 1691 3461 nis
1727 3407 1972 3462 cibarius
2007 3412 2112 3473 est,
2148 3408 2246 3476 qni
2282 3407 2358 3461 ad
2393 3408 2578 3461 cibum
2613 3422 2719 3461 ser-

1599 3478 1683 3532 vis
1729 3478 1925 3545 datm,
1983 3493 2082 3533 nec
2125 3478 2407 3532 delicatus.
2482 3476 2558 3532 Es
2608 3494 2722 3533 war

1601 3548 1764 3618 Brot,
1800 3548 1977 3604 worin
2019 3549 2109 3603 die
2147 3547 2308 3603 Kleie
2354 3549 2461 3603 mit
2508 3548 2721 3604 euthal-

1601 3622 1701 3675 ten
1736 3636 1869 3675 war.

1673 3691 1965 3746 Socratem.
2004 3690 2205 3745 Athen.
2234 3689 2313 3744 IV
2339 3708 2394 3762 p.
2423 3695 2523 3745 157
2545 3706 2575 3744 e
2604 3693 2658 3744 Σ

1599 3759 1811 3848 noviens
1864 3760 1929 3817 δὲ
1983 3761 2082 3816 καὶ
2129 3758 2401 3823 πολλάκις
2449 3710 2719 3830 κατελαξί-

1604 3828 1808 3906 §riveto
1853 3833 2281 3919 διαπεριπατῶν
2333 3829 2578 3919 ’ἑσπέρας
2623 3833 2719 3917 βα-

1599 3907 1771 3967 θείας
1805 3899 1914 3974 πρὸ
1953 3906 2054 3974 τῆς
2082 3902 2267 3967 οἰκίας
2293 3903 2394 3958 καὶ
2418 3900 2563 3970 πρὸς
2588 3900 2721 3966 τούς

1599 3972 2100 4064 πυνθανομένους·
2154 3977 2231 4028 Τί
2261 3972 2558 4063 τηνικάδε,
2607 3972 2718 4029 ἔλε-

1599 4065 1701 4115 γεν
1732 4041 1881 4114 ὄψον
1910 4064 2180 4115 συναγειν
2207 4043 2350 4116 πρὸς
2376 4043 2442 4101 τὸ
2469 4048 2714 4101 δεῖπνον.

1600 4117 2124 4204 Xenoph.mem.1
2172 4124 2233 4186 3,
2281 4122 2314 4172 ὅ
2373 4113 2468 4172 ἐπὶ
2522 4117 2716 4171 τοῦτον

1601 4190 1835 4276 (σῖτον)
1848 4209 1995 4245 ουτω
2050 4186 2604 4276 παρεσκευασμένος
2628 4182 2718 4260 ᾔει

1602 4279 1744 4315 ωστε
1773 4256 1879 4330 τὴν
1910 4255 2227 4331 ἐπιθυμίαν
2253 4261 2356 4315 τοῦ
2386 4261 2541 4315 σίτου
2571 4255 2718 4328 οψον

1604 4327 1756 4403 αυτῷ
1798 4329 1964 4388 εἶναι.
