2902 4649
200 1617 295 1745 {a

305 158 392 223 48
1095 157 1170 211 Μ.
1209 155 1456 212 TULLII
1492 155 1877 213 CICERONIS

306 344 469 407 esse,
531 332 598 386 ut
657 343 766 404 ego
827 342 920 384 me
981 323 1306 385 tardiorem
1366 342 1498 385 esse
1560 343 1679 385 non
1735 323 1983 385 moleste
2038 324 2241 384 feram.
2333 322 2667 385 Enumerat

305 414 543 495 multos,
590 414 769 493 idque
817 415 986 493 quasi
1032 420 1283 493 constet,
1332 416 1622 485 rationem
1669 431 1780 474 cur
1825 416 1906 474 ita
1929 414 2054 473 ‘fiat
2099 413 2307 473 adfert.
2389 412 2561 484 Quod
2609 416 2665 474 si

304 512 469 566 tanta
514 506 603 564 vis
648 512 742 564 est
787 502 858 563 ad
905 501 1171 564 habitum
1219 505 1436 564 mentis
1483 504 1546 563 in
1591 505 1685 582 iis,
1730 521 1882 582 quae
1928 503 2253 581 gignuntur
2297 504 2359 562 in
2408 520 2664 581 corpore

312 626 387 638 -—·
432 611 501 653 ea
538 600 679 654 sunt
716 600 932 673 autem,
970 610 1382 671 quaecumque
1422 599 1580 673 sunt,
1627 609 1777 670 quae
1817 591 2263 652 similitudinem
2301 592 2519 652 faciant
2560 625 2663 673 —,

215 694 285 744 81
308 681 455 744 nihil
499 684 874 743 necessitatis
928 680 1152 762 adfert,
1209 699 1320 742 cur
1372 688 1698 741 nascantur
1742 682 1949 762 animi,
2005 679 2343 741 similitudo.
2435 678 2664 743 Omitto

308 770 835 833 dissimilitudines,
911 768 1135 830 Vellem
1183 769 1390 831 adesse
1427 779 1634 849 posset
1670 769 1989 831 Panaetius
2027 803 2111 812 -—
2151 770 2295 829 vixit
2332 787 2470 830 cum
2507 769 2662 830 Afri-

308 878 456 921 cano
502 881 619 921 -ε
675 877 1025 938 quaererem
1081 877 1153 919 ex
1201 877 1301 939 eo,
1360 860 1534 920 cuius
1591 876 1839 919 suorum
1886 859 2093 919 similis
2141 858 2352 919 fuisset
2398 858 2664 919 Africani

309 950 511 1010 fratris
557 967 771 1029 nepos,
816 948 965 1009 facie
1012 947 1105 1008 vel
1148 950 1363 1028 patris,
1407 950 1526 1008 vita
1574 950 1841 1009 omnium
1886 947 2256 1027 perditorum
2304 949 2383 1008 ita
2431 947 2664 1027 similis,

310 1047 379 1102 ut
413 1045 576 1099 esset
613 1037 783 1098 facile
822 1036 1211 1117 deterrimus3
1259 1039 1432 1098 cuius
1471 1038 1651 1097 etiam
1689 1037 1897 1097 similis
1934 1036 1997 1097 P.
2027 1035 2243 1116 Crassi,
2281 1044 2341 1096 et
2378 1039 2667 1115 sapientis

313 1135 373 1188 et
417 1126 753 1206 eloquentis
800 1133 862 1185 et
906 1127 1086 1205 primi
1131 1125 1407 1206 hominis,
1455 1144 1641 1206 nepos
1689 1126 2130 1204 multorumque
2177 1123 2429 1186 aliorum
2475 1124 2664 1185 claro-

311 1234 448 1277 rum
486 1217 767 1296 virorum,
806 1232 959 1294 quos
993 1212 1142 1275 nihil
1179 1215 1390 1275 attinet
1426 1216 1755 1295 nominare,
1783 1222 2031 1294 nepotes
2069 1223 2130 1276 et
2167 1213 2287 1274 filii.
2364 1212 2481 1274 Sed
2520 1214 2666 1293 quid

312 1301 583 1384 agimus?
629 1302 874 1364 oblitine
919 1321 1128 1364 sumus
1173 1302 1288 1365 hoc
1330 1321 1492 1365 nunc
1534 1303 1708 1364 nobis
1744 1321 1876 1365 esse
1914 1305 2305 1384 propositum,
2343 1321 2478 1363 cum
2521 1305 2666 1363 satis

312 1393 385 1454 de
433 1395 784 1454 aeternitate
831 1391 1207 1471 dixissemus,
1255 1410 1329 1452 ne
1369 1394 1420 1452 si
1458 1394 1777 1452 interirent
1814 1392 2055 1471 quidem
2099 1393 2297 1472 animi,
2345 1393 2667 1471 quicquam

314 1482 450 1543 mali
497 1501 628 1544 esse
674 1484 736 1542 in
785 1477 1022 1543 morte?
1102 1483 1173 1541 A.
1220 1478 1346 1559 Ego
1392 1499 1533 1541 vero
1582 1483 1985 1560 memineram,
2032 1480 2136 1542 sed
2182 1488 2242 1541 te
2290 1480 2363 1541 de
2410 1483 2667 1541 aeterni-

314 1579 433 1633 tate
481 1571 777 1632 dicentem
823 1569 1103 1631 aberrare
1149 1587 1182 1630 a
1228 1571 1536 1649 proposito
1583 1569 1753 1630 facile
1797 1569 2081 1649 patiebar.

492 1659 576 1720 M.
623 1658 804 1720 Video
852 1667 911 1721 te
958 1658 1074 1719 alte
1123 1666 1392 1737 spectare
1440 1665 1502 1719 et
1548 1656 1696 1719 velle
1741 1660 1804 1719 in
1851 1658 2078 1720 caelum
2127 1661 2399 1738 migrare.
2475 1658 2666 1738 Spero

315 1750 441 1810 fore
488 1755 556 1809 ut
601 1749 905 1827 contingat
957 1748 1017 1808 id
1075 1747 1263 1808 nobis,
1350 1746 1469 1808 Sed
1524 1747 1645 1829 fac,
1699 1756 1767 1809 ut
1796 1747 1922 1809 'isti
1965 1747 2199 1828 volunt,
2259 1750 2488 1808 animos
2543 1765 2665 1808 non

314 1855 622 1898 remanere
667 1844 804 1916 post
850 1845 1131 1897 mortem:
1178 1836 1348 1897 video
1395 1855 1533 1917 noS,
1578 1839 1633 1897 si
1676 1839 1756 1897 ita
1804 1838 1908 1917 sit,
1960 1839 2180 1916 privari
2228 1855 2333 1917 spe
2380 1835 2668 1898 beatioris

312 1928 491 2006 vitae3
544 1925 676 1986 mali
722 1943 862 1985 vero
910 1925 1054 2004 quid
1102 1924 1294 1985 adfert
1339 1927 1453 1986 ista
1500 1923 1837 1987 sententia?
1901 1925 2015 1987 Fac
2064 1927 2220 1986 enim
2268 1928 2354 1987 sic
2402 1927 2669 1986 animum

312 2203 659 2261 namenffich
711 2202 803 2259 die
852 2202 1014 2257 Hitze
1069 2202 1168 2258 des
1225 2203 1435 2270 Blutes,

315 2274 527 2332 welche
599 2272 692 2330 bei
763 2272 971 2344 geistig
1046 2274 1437 2331 bedentenden

313 2348 620 2403 Menschen
655 2344 871 2416 grosset-
907 2345 987 2400 sei
1023 2344 1108 2401 als
1143 2346 1237 2401 bei
1270 2346 1438 2401 ande·

313 2435 439 2486 ren,
502 2417 633 2488 jene
699 2419 842 2472 auch
908 2434 1004 2470 zur
1061 2415 1437 2471 Melancholie

315 2487 550 2571 geneigt
595 2490 818 2555 mache‚
874 2487 989 2541 und
1044 2487 1241 2542 darum
1288 2487 1441 2559 passi:

314 2560 416 2615 dus
451 2558 622 2628 Beisp
624 2559 725 2626 iel,
770 2577 867 2613 um
913 2558 1021 2613 den
1057 2558 1292 2613 Einfluss
1339 2559 1438 2614 des

316 2631 558 2700 Korpers
595 2630 698 2685 auf
727 2631 837 2685 den
857 2628 1016 2685 Geist
1052 2649 1120 2684 zu
1156 2628 1437 2685 erweisen.

317 2701 539 2757 Ciceros
589 2700 953 2771 Darstellung
1004 2701 1153 2756 fehlt
1202 2718 1263 2757 es
1312 2701 1440 2756 frei-

318 2773 433 2828 lieh
470 2790 545 2828 an
581 2772 851 2828 Klarheit.

387 2878 452 2916 ea
487 2867 618 2917 swnt
654 2893 720 2901 —-
760 2878 900 2931 quae
934 2862 1176 2929 faciant,
1230 2862 1330 2918 das
1367 2861 1442 2917 ist

317 2949 427 2987 von
473 2932 573 2987 dei·
617 2934 746 3000 Art,
803 2931 926 2986 dass
982 2949 1058 2987 es.
1132 2934 1245 2987 Der
1286 2934 1440 2988 Kon-

310 2989 543 3075 junktiv
579 3002 748 3070 steht,
794 3003 923 3057 weil
970 3003 1068 3058 der
1103 3002 1294 3058 Inhalt
1339 3005 1438 3059 des

319 3074 726 3130 Relativsatzes
764 3074 848 3129 als
875 3073 968 3127 die
997 3074 1170 3145 Folge
1199 3091 1311 3130 von
1340 3074 1439 3129 der

318 3142 770 3201 Beschaffenheit
823 3144 978 3199 einer
1032 3145 1208 3201 Sache
1265 3161 1437 3216 ange—

320 3217 502 3287 geben
546 3215 703 3271 wird.
780 3216 850 3270 de
896 3216 988 3271 fin.
1038 3215 1063 3269 I
1106 3222 1198 3284 13,
1236 3223 1306 3271 43
1352 3233 1438 3271 sa-

310 3289 530 3358 pien-tia
582 3293 659 3343 est
713 3304 857 3353 una,
919 3304 1061 3356 quae
1112 3289 1441 3343 maestitiam

310 3360 498 3431 pellat.
574 3359 653 3413 Ib.
688 3364 770 3427 16,
801 3364 870 3413 54
905 3360 1159 3430 voluptas
1194 3364 1271 3414 est
1305 3360 1440 3425 sola,

321 3446 459 3500 quae
492 3446 593 3485 nos
628 3435 773 3485 vocet
811 3431 888 3485 ad
922 3446 990 3485 se.

390 3519 533 3573 mm
602 3520 937 3574 necessitatis
1009 3520 1125 3586 ads.

320 3588 522 3644 keinen
556 3589 921 3660 zwingenden
958 3588 1192 3646 Grund'.

393 3684 477 3734 81.
532 3679 677 3733 vixit
730 3694 773 3733 c.
827 3678 1129 3745 Africana,
1189 3679 1273 3732 ‘er
1326 3695 1443 3733 war

322 3748 429 3803 mit.
480 3748 598 3804 ihm
652 3748 1026 3804 befreundet'.
1099 3748 1295 3805 Horat.
1335 3751 1437 3804 sat.

324 3821 350 3875 I
387 3826 438 3887 4,
475 3825 540 3875 81
589 3821 711 3875 vixi
747 3837 869 3876 cum
905 3821 1117 3889 quibus.
1194 3820 1283 3874 ad.
1322 3821 1440 3875 Att.

324 3892 453 3946 XIV
489 3898 577 3960 20,
615 3897 649 3945 4
685 3892 779 3946 ille
813 3894 1012 3961 optime
1048 3892 1310 3961 loquitwr,
1346 3893 1441 3947 sed

321 3964 457 4018 vivit
491 3963 808 4032 habitatque
844 3978 965 4017 cum
1000 3962 1195 4018 Balbo.

395 4051 660 4117 Africani
694 4052 893 4118 fratris
926 4068 1107 4121 nepos.
1168 4051 1281 4107 Der
1312 4052 1439 4123 jun·

363 4138 457 4178 ere
495 4121 788 4177 Africanus
834 4140 951 4177 war
996 4124 1096 4178 der
1143 4123 1296 4179 Sohn
1341 4122 1437 4178 des

375 4182 654 4249 .Amilius
688 4192 898 4249 Paulus
933 4194 1049 4249 und
1084 4210 1197 4249 von
1232 4194 1292 4250 P.
1325 4193 1439 4248 Sci-

324 4265 445 4334 pi0,
501 4264 629 4320 dem
677 4263 832 4321 Sohn
885 4266 983 4320 des
1039 4265 1257 4321 biberen
1293 4265 1439 4320 Afri-

319 4353 512 4407 canus,
533 4336 829 4407 adoptiert.
883 4336 1014 4392 Seiu
1038 4337 1249 4393 Bruder
1272 4336 1438 4403 Quin-

1198 3518 1442 3573 ‘enthalt

1543 2206 1636 2259 tus
1711 2220 1826 2259 war
1900 2220 2011 2258 von
2075 2204 2139 2270 Q.
2204 2203 2412 2259 Fabius
2475 2204 2669 2259 Labeo

1546 2275 1830 2346 adoptiert
1865 2274 1977 2329 und
2013 2276 2173 2330 hatte
2209 2293 2337 2330 zum
2360 2274 2515 2331 Sohn
2551 2274 2663 2331 den

1548 2347 1612 2413 Q.
1658 2346 1866 2401 Fabius
1919 2345 2197 2401 Maximus
2254 2346 2668 2417 Allobrogicus,

1547 2419 1745 2472 dessen
1765 2418 1919 2472 Sohn
1955 2418 2054 2471 der
2089 2418 2214 2472 hier
2251 2419 2537 2473 erwahnte
2573 2418 2666 2474 ist.

1548 2489 1624 2542 Er
1660 2488 1849 2543 wurde
1885 2505 1995 2544 von
2034 2487 2223 2544 Staats
2260 2506 2456 2561 wegen
2502 2492 2672 2544 unter

1551 2558 1785 2615 Kuratel
1821 2559 2068 2629 gestellt.

1617 2632 1700 2687 vel
1754 2632 1967 2702 patris,
2036 2632 2465 2701 ‘meinetwegeu
2520 2632 2670 2686 auch

1549 2702 1760 2757 seinem
1814 2702 2030 2758 Vater'.
2103 2701 2308 2773 Haufig
2368 2703 2526 2768 fuhrt
2586 2705 2672 2758 vel

1547 2773 1708 2829 nicht
1756 2774 1962 2844 gerade
2014 2773 2137 2828 eine
2175 2774 2511 2844 Steigerung
2556 2774 2669 2842 ein,

1548 2844 1788 2900 sondern
1816 2847 2006 2914 etwas,
2026 2861 2138 2900 von
2166 2844 2295 2900 dem
2315 2845 2414 2899 der
2434 2844 2669 2900 Schrift-

1550 2916 1741 2972 steller
1788 2916 2000 2971 andern
2044 2916 2363 2987 zugesteht,
2418 2915 2541 2971 dara
2587 2916 2672 2971 sie

1549 3003 1610 3042 es
1646 2987 1960 3042 vorziehen.
2024 2988 2090 3041 In
2126 2988 2254 3042 dem
2290 2987 2448 3042 Falle
2483 2988 2673 3042 treten

1545 3058 1835 3113 bisweilen
1880 3058 2143 3114 Formeln
2186 3059 2293 3114 wie
2347 3060 2399 3114 si
2451 3059 2560 3126 vis,
2616 3060 2672 3114 si

1546 3130 1738 3194 mavis,
1772 3135 1838 3183 ut
1872 3134 1967 3185 tuo
2003 3130 2161 3184 verbo
2197 3134 2331 3185 utar
2365 3129 2546 3186 hinzu.

1618 3201 1782 3268 facile
1826 3201 2164 3257 deterrimus.
2229 3199 2373 3255 Tim.
2428 3207 2453 3255 1
2502 3201 2673 3268 facile

1539 3273 1816 3341 princeps.
1890 3290 1945 3342 p.
1983 3270 2124 3327 Rab.
2163 3273 2315 3328 Post.
2354 3278 2414 3341 9,
2461 3279 2530 3326 23
2576 3273 2671 3339 fa-

1547 3344 1649 3399 cile
1683 3344 2041 3398 doctissimus.

1617 3414 1682 3469 P.
1720 3414 1981 3469 Licinius
2018 3414 2252 3470 Crassus
2288 3415 2477 3481 Dives,
2515 3416 2668 3471 Kon-

1549 3485 1636 3539 sul
1674 3490 1770 3553 97,
1806 3487 1967 3541 hatte
2004 3485 2188 3541 ausser
2224 3486 2352 3541 dem
2390 3456 2675 3542 Triumvir-

1547 3554 1770 3610 Marcus
1799 3556 1962 3611 einen
1991 3557 2234 3613 anderen
2251 3557 2404 3612 Sohn
2420 3555 2674 3626 Publius,

1549 3627 1749 3681 dessen
1778 3626 1932 3682 Sohn
1970 3628 2071 3682 der
2105 3627 2229 3683 hier
2261 3627 2547 3684 erwiihnte
2575 3629 2673 3694 ist,

1551 3697 1652 3751 der
1688 3693 1960 3753 ebenfalls
1987 3698 2219 3754 Publius
2256 3699 2435 3754 hiefs.
2478 3698 2674 3754 Dutch

1552 3766 1928 3851 Schwelgerei
1974 3773 2251 3826 verarmte
2300 3786 2360 3824 er
2405 3787 2494 3835 so,
2546 3768 2673 3825 dass

1552 3839 1704 3895 seine
1724 3840 1901 3896 Gflter
1918 3842 2181 3896 verkaust,
2197 3842 2442 3896 wurden.
2480 3813 2673 3898 'Valer.

1549 3911 1622 3965 M.
1652 3911 1729 3965 VI
1758 3917 1808 3981 9,
1841 3918 1924 3969 12.
1979 3911 2124 3967 Plin.
2153 3911 2392 3966 XXXIII
2419 3918 2507 3980 47,
2537 3918 2586 3967 9.

1610 3985 1789 4052 primi
1825 3984 1876 4037 d.
1915 3983 1951 4039 i.
1981 3985 2267 4053 primarii,
2297 3984 2592 4053 principis.

1619 4054 1713 4109 sed
1747 4055 1884 4123 quid
1919 4056 2158 4124 aqimus:
2196 4072 2237 4109 s.
2271 4060 2303 4121 ἓ
2323 4061 2393 4110 60
2425 4055 2675 4126 Quorsus

1552 4126 1787 4180 -haec
1820 4141 1900 4193 sp.
1940 4131 2078 4182 orat.

1620 4197 1762 4266 Kap.
1792 4194 1891 4251 ²34.
1930 4202 2013 4252 82.
2050 4199 2205 4253 video
2242 4213 2373 4265 που
2409 4197 2510 4251 der
2538 4197 2672 4253 Sat-z

1549 4214 1746 4324 solltep
1777 4268 1907 4322 dem
1979 4267 2279 4352 folgenden
2347 4269 2482 4324 mali
2544 4284 2672 4324 vero

1549 4338 1925 4394 subordiniert
1964 4342 2098 4395 sein.
