2902 4649
299 136 390 206 52
1084 139 1160 197 M.
1201 133 1447 195 TULLII
1485 137 1870 195 omnnoms

301 308 448 369 haec
504 310 621 369 vis:
685 307 918 389 habuit,
975 326 1095 369 non
1152 306 1357 388 habet3
1422 305 1749 384 desiderat,
1812 308 2118 387 requirit,‘
2151 307 2396 386 indiget.
2489 309 2676 392 Ilaec,

301 400 540 478 opinor,
605 397 980 458 incommoda
1044 404 1186 458 sunt
1214 423 1219 427 ·
1250 398 1539 458 carentis:
1604 402 1770 455 caret
1834 394 2051 476 oculis,
2116 395 2319 458 odiosa
2385 401 2676 482 caecitas3

300 485 525 565 liberiS,
572 484 813 547 orbitas,
903 485 1071 547 Valet
1123 486 1240 546 hoe
1285 489 1348 547 in
1394 487 1570 565 vivis,
1626 490 2005 545 mortuorum
2059 492 2260 545 autem
2315 504 2435 548 non
2491 488 2674 551 modo

304 577 458 636 vitae
518 575 873 656 commodiS,
943 574 1048 635 sed
1109 593 1184 636 ne
1245 575 1364 636 vita
1433 573 1674 654 quidem
1735 574 1864 652 ipsa
1935 574 2252 652 quisquam
2310 584 2491 638 caret.
2583 577 2673 639 De

304 666 559 725 mortuis
604 664 837 745 loquor,
885 666 989 743 qui
1034 664 1182 725 nulli
1230 672 1401 724 sunt·
1448 680 1578 742 noS,
1627 664 1731 740 qui
1777 679 2004 743 sumuS,
2050 680 2195 723 num
2242 671 2345 725 aut
2383 667 2674 728 cornibus

303 770 578 814 caremus
624 760 728 814 aut
773 750 1018 833 pinnis?
1065 753 1124 813 id
1163 755 1299 832 quis
1338 748 1598 813 dixerit?
1665 749 1843 810 Certo
1881 769 2076 811 nemo.
2148 751 2303 822 Quid
2340 751 2467 816 ita?
2512 759 2673 837 quia,

303 859 441 902 cum
486 841 549 902 id
595 861 716 903 non
763 841 1001 923 habeaS,
1047 841 1207 921 quod
1255 841 1366 903 tibi
1413 859 1526 901 nec
1570 857 1687 900 usu
1734 856 1847 900 nec
1895 847 2105 901 natura
2153 842 2232 900 sit
2277 850 2500 925 aptum,
2547 863 2671 906 non

210 944 279 994 88
303 948 536 1012 careas,
598 933 775 991 etiam
835 934 887 992 si
947 933 1169 992 sentias
1228 938 1289 991 te
1352 949 1473 991 non
1528 927 1769 989 habere.
1858 927 1988 988 Hoc
2041 931 2434 1008 premendum
2490 936 2671 995 etiam

301 1027 482 1124 atque
529 1022 707 1081 etiam
752 1028 844 1080 est
891 1028 1311 1099 argumentum
1356 1019 1707 1080 confirmato
1762 1016 1890 1098 illo,
1952 1016 2024 1077 de
2083 1037 2232 1098 quo,
2288 1022 2338 1080 si
2386 1023 2671 1084 mortales

303 1110 484 1169 animi
531 1116 690 1189 sunt,
737 1108 1011 1169 dubitare
1057 1127 1178 1170 non
1225 1124 1566 1189 possumuS,
1613 1107 1757 1185 quin
1803 1112 2008 1167 tantus
2053 1108 2336 1169 interitus
2371 1113 2435 1170 in
2474 1121 2670 1173 morte

302 1200 407 1278 sit,
464 1206 531 1258 ut
576 1215 652 1258 ne
699 1199 941 1257 minima
989 1197 1230 1276 quidem
1279 1198 1533 1276 suspitio
1589 1213 1805 1255 sensus
1859 1194 2260 1274 relinquatur:
2321 1198 2436 1260 hoc
2481 1202 2669 1279 igitur

301 1285 491 1365 probe
539 1285 800 1347 stabilito
857 1295 919 1347 et
963 1287 1079 1346 fixo
1124 1286 1274 1347 illud
1321 1283 1746 1346 excutiendum
1793 1292 1912 1362 est,
1966 1292 2036 1345 ut
2092 1287 2342 1367 sciatur,
2398 1288 2540 1367 quid
2588 1291 2684 1359 sit.

303 1393 530 1455 carere,
576 1393 652 1435 ne
699 1374 1074 1454 relinquatur
1120 1374 1341 1453 aliquid
1390 1375 1615 1433 erroris
1662 1375 1727 1433 in
1772 1372 1975 1433 verbo.
2059 1372 2277 1435 Carere
2321 1378 2507 1455 igitur
2552 1377 2670 1438 hoc

303 1464 613 1543 significat,
659 1481 836 1543 egere
886 1482 975 1541 eo,
1022 1463 1181 1542 quod
1228 1462 1449 1524 habere
1487 1462 1662 1541 velis;
1708 1464 1869 1522 inest
1904 1464 2065 1522 enim
2101 1462 2250 1524 velle
2287 1465 2351 1525 in
2389 1467 2670 1548 carendo,

303 1553 420 1611 nisi
466 1569 603 1612 cum
650 1554 737 1613 sic
784 1561 1086 1631 tamquam
1131 1555 1193 1613 in
1241 1552 1396 1613 febri
1441 1551 1690 1632 dicitur,
1736 1550 1848 1611 alia
1893 1550 2145 1628 quadam
2191 1555 2434 1614 notione
2482 1555 2669 1616 verbi.

302 1638 536 1701 Dicitur
583 1642 743 1701 enim
789 1641 901 1701 alio
950 1641 1124 1701 modo
1173 1644 1348 1702 etiam
1397 1657 1638 1718 carere,
1690 1657 1828 1701 cum
1885 1639 2107 1719 aliquid
2163 1659 2282 1701 non
2337 1642 2559 1704 habeas
2604 1652 2669 1705 et

301 1746 422 1789 non
469 1727 689 1789 habere
746 1739 805 1790 te
866 1732 1115 1810 sentias»,
1173 1733 1352 1791 etiam
1406 1730 1461 1789 si
1514 1729 1574 1789 id
1631 1727 1802 1789 facile
1856 1730 2100 1807 patiare.
2193 1731 2292 1791 Ita
2348 1749 2555 1793 carere
2601 1736 2666 1793 in

301 1825 496 1878 morte
552 1836 672 1878 non
729 1818 975 1899 dicitur3
1041 1837 1153 1880 nec
1200 1821 1361 1879 enim
1407 1825 1570 1878 esset
1613 1816 1960 1878 dolendum:
2024 1817 2244 1878 dicitur
2288 1818 2460 1901 illud,
2505 1820 2667 1882 bono

301 1924 536 1987 carere,
584 1905 743 1984 quod
791 1916 884 1968 est
927 1907 1166 1969 malum.
1260 1905 1379 1967 Sed
1425 1923 1502 1965 ne
1548 1907 1717 1967 vivus
1764 1905 2006 1984 quidem
2051 1906 2209 1967 bono
2255 1916 2446 1990 caret,
2494 1913 2547 1970 si
2593 1929 2667 1971 eo

299 2012 422 2055 non
458 1994 714 2076 indiget3
762 1996 867 2056 ‘sed
904 1998 968 2056 in
1004 1999 1136 2057 vivo
1173 1995 1440 2074 intellegi
1475 2001 1674 2055 tamen
1713 2001 1940 2075 potest,
1997 2013 2184 2074 regno
2232 2003 2291 2056 te
2339 2015 2545 2059 carere
2582 2032 2660 2042 —

301 2081 421 2144 dici
466 2091 664 2144 autem
713 2083 827 2145 hoc
874 2087 939 2145 in
983 2092 1045 2146 te
1092 2088 1236 2146 satis
1282 2083 1587 2145 subtiliter
1631 2102 1752 2144 non
1797 2091 2023 2163 potest3
2069 2093 2275 2163 posset
2318 2088 2381 2146 in
2415 2085 2667 2167 Tarqui-

301 2174 421 2251 nio,
468 2191 607 2233 cum
653 2191 840 2253 regno
886 2181 1048 2235 esset
1094 2174 1378 2255 expulsus
1430 2194 1542 2233 -ε
1604 2181 1665 2233 at
1707 2175 1771 2232 in
1816 2180 2056 2233 mortuo
2104 2191 2179 2233 ne
2225 2173 2491 2254 intellegi
2538 2178 2668 2255 qui-

302 2260 456 2322 dem.
533 2260 751 2322 Carere
798 2265 956 2323 enim
1005 2265 1321 2324 sentientis
1368 2269 1479 2343 est,
1525 2280 1639 2323 nec
1678 2279 1890 2323 sensus
1928 2263 1990 2321 in
2030 2271 2296 2323 mortuo:
2341 2281 2416 2324 ne
2456 2282 2667 2327 carere

298 2350 538 2429 quidem
583 2353 767 2431 igitur
812 2355 874 2413 in
923 2361 1160 2414 mortuo
1208 2362 1315 2414 est.

296 2609 418 2696 sich
462 2609 557 2665 bei
590 2610 741 2665 Plut.
782 2627 923 2667 com.
962 2612 1079 2695 nuot.
1118 2617 1207 2678 20,
1247 2619 1276 2667 7
1323 2631 1417 2666 κε-
1525 2612 1686 2667 these
1725 2610 2014 2680 abhangig
2051 2611 2333 2681 gemacht.
2399 2612 2528 2682 Vgl.
2573 2619 2660 2683 17,

295 2676 481 2747 ρᾶτων
501 2682 659 2770 γοῦν
696 2680 796 2735 καὶ
832 2682 1055 2769 πτερῶν
1096 2654 1290 2745 οὐδεὶς
1327 2679 1417 2738 ἔν-
1527 2689 1598 2737 40
1632 2687 1839 2737 terram
1875 2682 1983 2736 eet.

296 2748 435 2839 ‹52ng
488 2749 823 2822 ἄνθρωπος,
890 2748 980 2807 ὅτι
1034 2751 1178 2824 μηδὲ
1235 2757 1421 2809 δεῖται
1598 2755 1664 2808 in
1695 2753 1859 2808 verbo
1867 2793 1885 2820 ,
1929 2753 1991 2807 in
2036 2752 2226 2823 Bomg
2271 2754 2374 2808 auf
2415 2753 2507 2808 die
2553 2755 2660 2810 Be·

294 2841 527 2880 τουτων.
602 2824 691 2878 Da
736 2825 858 2879 also
897 2824 1010 2879 Cic.
1051 2821 1219 2895 ἐνδεῆ
1272 2822 1423 2880 εἶναι
1530 2825 1782 2894 deuttmg
1818 2824 1917 2879 des
1953 2821 2198 2879 Wortes.
2279 2824 2348 2879 de
2386 2824 2476 2881 off.
2515 2825 2571 2879 II
2607 2832 2662 2893 3,

294 2893 404 2949 mit
439 2910 623 2949 carere
656 2894 960 2962 ubersetzt,
997 2895 1120 2978 legt
1150 2914 1211 2951 er
1240 2912 1423 2952 cao-erc
1531 2903 1563 2951 9
1614 2897 1680 2950 in
1737 2910 1844 2965 quo
1903 2895 2064 2950 verbo
2113 2896 2277 2965 lapsa
2327 2899 2662 2953 consuetudo

296 2966 461 3020 einen
496 2965 741 3020 anderen
778 2965 917 3019 Sinn
947 2937 1075 3035 bei,
1128 2967 1214 3022 als
1252 2984 1312 3022 es
1349 2985 1423 3022 an
1532 2967 1753 3036 deflexit
1787 2967 1855 3020 de
1888 2967 2000 3020 via.

293 3035 479 3090 vielen
537 3036 750 3090 Stellen
811 3038 937 3105 hat,
998 3037 1144 3092 denn
1200 3055 1261 3093 so
1317 3041 1422 3109 gut
1600 3043 1899 3107 tamquam,
1934 3036 2077 3091 wird
2112 3055 2218 3092 nur
2253 3039 2513 3108 seltener,
2550 3039 2659 3094 wie

295 3106 403 3161 wie
457 3106 602 3173 febri
663 3123 850 3162 carere
912 3110 1041 3177 sagt
1096 3107 1209 3165 Cic.
1274 3110 1423 3164 auch
1529 3108 1677 3177 hier,
1743 3126 1868 3163 zum
1931 3106 2047 3163 Ver
2085 3107 2234 3163 leich
2301 3127 2414 3165 von
2477 3111 2657 3165 etwas

295 3182 457 3244 metu,
494 3178 680 3246 culpa,
716 3179 962 3244 crimine,
997 3180 1291 3249 supplicio,
1328 3181 1420 3235 do-
1474 3215 1487 3234 ,
1530 3150 1795 3234 wirk⁹lioh
1828 3179 2046 3234 stattfin
2086 3180 2288 3235 endem
2363 3180 2658 3249 ebraucht,

296 3250 408 3304 lore
444 3265 642 3304 carere.
1535 3252 1768 3306 ‘ebenso
1795 3249 1920 3316 wie,
1949 3268 2075 3304 zum
2102 3250 2327 3320 Beiepie
2377 3252 2528 3307 wie’.
2581 3253 2659 3308 ad

365 3336 483 3375 non
533 3321 693 3375 modo
747 3320 903 3375 kann
957 3319 1047 3374 ffir
1098 3337 1214 3376 non
1266 3323 1425 3377 modo
1534 3323 1599 3389 Q.
1626 3322 1694 3377 fr.
1726 3321 1754 3375 I
1793 3328 1843 3390 1,
1881 3327 1950 3376 46
1988 3327 2270 3405 tamquam
2299 3328 2490 3392 poetae
2525 3325 2661 3380 bom·

295 3406 410 3446 non
454 3392 678 3460 stehen,
728 3408 893 3447 wenn
937 3392 1030 3447 sed
1073 3410 1142 3447 ne
1188 3424 1256 3433 —
1304 3394 1425 3462 qui·
1533 3423 1604 3434 —
1638 3393 1840 3460 solent,
1888 3394 1971 3448 sic
2014 3398 2079 3448 tw
2121 3393 2187 3447 in
2221 3399 2463 3450 exn-ema
2488 3401 2659 3464 parte

297 3464 416 3517 dem
453 3462 660 3517 darauf
697 3463 846 3533 folgt
895 3464 1012 3518 und
1055 3463 1221 3519 beide
1259 3463 1424 3522 Sntze
1531 3465 1877 3519 muneris-
1917 3465 2005 3518 tm·
2039 3464 2492 3534 diliqentissimus
2524 3467 2616 3521 sis

295 3532 1426 3661 ..m
1603 3534 2394 3663 swa
2412 3536 2658 3663 aas

297 3675 466 3730 steht.
1534 3675 1705 3731 Sinne
1768 3676 2012 3732 branchia
2072 3694 2207 3731 man
2259 3694 2443 3732 carere
2497 3679 2660 3733 nicht,

367 3746 434 3800 de
487 3746 718 3801 mortuis
773 3747 989 3815 loquor.-
1043 3764 1081 3801 v
1120 3747 1159 3801 1.
1216 3751 1311 3814 15,
1358 3752 1428 3801 34
1533 3764 1647 3802 von
1701 3746 1810 3801 den
1863 3748 2046 3803 'roten
2099 3750 2185 3818 (in
2237 3751 2451 3819 morte),
2507 3748 2658 3804 denn

296 3818 488 3887 loquor
541 3819 608 3872 de
658 3817 1024 3886 principibus.
1214 3824 1310 3884 32,
1359 3823 1426 3872 69
1537 3835 1672 3872 man
1707 3818 1899 3873 wiirde
1936 3819 2117 3874 demit
2150 3819 2337 3875 nichts
2367 3820 2660 3881 Schmerffi

295 3889 363 3943 de
398 3890 673 3944 comoedia
711 3888 919 3959 loquor.
1525 3888 1704 3944 liehes
1753 3890 2095 3946 bezeichnen
2131 3893 2287 3960 (mas
2325 3908 2460 3946 man
2505 3891 2656 3947 doeh

368 3963 455 4014 88.
484 3961 843 4029 premendum
881 3984 949 4004 =
986 3960 1310 4029 uryendwm,
1353 3977 1420 4013 zu
1526 3959 1868 4016 bezeichnen
1913 3961 2072 4031 will).
2144 3962 2278 4017 Man
2325 3962 2504 4017 meint
2552 3962 2656 4019 da-

294 4031 557 4086 betonen.
1528 4031 1636 4086 mit
1670 4032 1764 4087 ein
1784 4032 1900 4087 Gut
1934 4033 2261 4102 entbehren,
2296 4034 2495 4088 womit
2519 4050 2655 4088 man

368 4103 533 4171 quin.-
583 4102 682 4155 der
721 4101 849 4157 Sate
885 4102 1045 4172 giebt
1080 4101 1190 4156 den
1227 4100 1419 4155 Grnnd
1528 4102 1622 4156 ein
1656 4090 1802 4157 libel
1836 4103 2177 4160 bezeichnet.
2249 4104 2365 4158 Fur
2399 4104 2510 4159 den
2546 4103 2656 4161 Ge-

298 4190 398 4239 an,
463 4172 629 4228 sollte
694 4172 815 4227 also
873 4189 986 4228 von
1039 4176 1419 4242 argumentum
1527 4174 1744 4228 braueh
1788 4190 1902 4229 von
1944 4176 2008 4229 in
2053 4175 2167 4245 vgl.
2206 4174 2276 4230 de
2311 4175 2413 4230 fat.
2456 4181 2542 4245 19,
2581 4182 2652 4232 43

298 4244 484 4298 abban
529 4244 588 4314 ig
623 4243 702 4298 im
741 4245 941 4300 Accua.
980 4261 1026 4300 c.
1056 4244 1155 4300 inf.
1195 4242 1419 4311 stehen3
1527 4261 1684 4314 quem
1719 4244 1796 4299 ad
1820 4246 2040 4301 modum
2066 4247 2131 4300 in
2156 4247 2411 4317 cylindro
2441 4219 2655 4303 dictum

298 4316 443 4370 statt
517 4331 677 4370 essen
720 4314 799 4370 ist
835 4332 896 4370 er
929 4332 1042 4372 von
1079 4315 1179 4370 der
1213 4314 1420 4370 Paren-
1527 4321 1619 4371 est.
