2902 4649
337 130 421 194 16
1109 128 1184 182 Μ.
1224 126 1471 182 TULLII
1508 125 1897 182 CICERONIS

330 298 514 357 etiam
559 297 611 356 si
656 296 1038 357 mediocriter
1085 312 1327 373 aegrum
1375 302 1513 374 est,·
1533 309 1741 354 sanum
1791 311 1911 353 non
1954 299 2067 373 est,
2111 294 2199 352 sic
2245 293 2307 351 in
2344 291 2542 351 animo
2583 292 2708 352 ista

331 385 716 446 mediocritas
762 391 926 445 caret
973 384 1240 444 sanitate.
1332 380 1541 461 Itaque
1586 381 1889 462 praeclare
1936 382 2155 461 nostri,
2210 388 2277 441 ut
2332 379 2440 440 alia
2489 378 2705 459 multa,

336 473 682 554 molestiam,
728 472 1207 552 sollicitudinem,
1255 488 1540 550 angorem
1584 479 1833 550 propter
1878 468 2328 531 similitudinem
2369 486 2705 548 corporum

327 580 650 642 aegrorum
723 560 1157 665 aegritudinem
1229 562 1703 621 nominaverunt.

1803 558 1932 620 Hoc
1977 576 2163 639 prope
2221 557 2463 618 modum
2512 556 2701 617 verbo

327 650 547 712 Graeci
593 669 830 712 omnem
868 651 1048 710 animi
1082 648 1598 728 perturbationem
1636 647 1960 728 appellant;
2006 654 2219 707 vocant
2255 648 2417 707 enim
2452 638 2704 729 πάθος,

331 740 394 800 id
453 748 546 800 est
598 739 904 820 morbum,
970 740 1331 817 quicumque
1398 745 1492 798 est
1556 744 1755 798 motus
1818 739 1881 796 in
1947 738 2143 797 animo
2208 735 2515 797 turbidus.
2584 755 2704 798 nos

333 829 575 910 melius;
632 830 828 909 aegris
883 830 1042 888 enim
1099 825 1456 906 corporibus
1509 825 1804 887 simillima
1859 827 2041 885 animi
2095 832 2187 886 est
2241 824 2580 905 aegritud03
2640 833 2704 886 at

337 936 458 978 non
504 917 714 978 similis
761 917 1184 995 aegrotationis
1240 923 1331 977 est
1377 914 1587 995 libido,
1648 933 1768 975 non
1821 914 2188 974 inmoderata
2234 913 2482 994 laetitia,
2539 932 2702 992 quae

330 1013 430 1067 est
483 1006 755 1086 voluptas
809 1007 990 1066 animi
1043 1004 1195 1066 elata
1251 1014 1312 1065 et
1366 1006 1645 1083 gestiens,
1737 1002 1871 1082 Ipse
1929 1004 2106 1063 etiam
2161 1010 2360 1064 metus
2424 1020 2545 1062 non
2606 1011 2704 1064 est

337 1094 533 1156 morbi
587 1095 905 1156 admodum
960 1093 1197 1174 simiIiS,
1252 1111 1610 1172 quamquam
1666 1091 2023 1172 aegritudini
2077 1099 2170 1151 est
2215 1091 2531 1171 finitimuS,
2590 1091 2703 1151 sed

337 1186 607 1265 proprie,
670 1192 740 1245 ut
784 1184 1108 1262 aegrotatio
1154 1184 1216 1242 in
1263 1200 1545 1262 corpore,
1609 1183 1696 1242 sic
1757 1180 2065 1260 aegritudo
2111 1182 2174 1241 in
2221 1181 2417 1240 animo
2474 1198 2702 1240 nomen

337 1271 515 1332 habet
569 1290 688 1332 non
746 1274 1083 1332 seiunctum
1139 1288 1170 1330 a
1225 1270 1446 1331 dolore.
1540 1270 1773 1330 Doloris
1828 1268 2008 1331 huius
2063 1271 2248 1348 igitur
2303 1270 2470 1348 origo
2519 1268 2701 1329 nobis

340 1360 685 1439 explicanda
731 1368 850 1440 est,
904 1358 964 1420 id
1020 1366 1113 1420 est
1167 1375 1345 1420 causa
1401 1359 1670 1419 efficiens
1716 1358 2150 1438 aegritudinem
2193 1360 2257 1418 in
2303 1359 2499 1418 animo
2547 1366 2700 1418 tam-

340 1467 516 1528 quam
563 1450 1028 1528 aegrotationem
1088 1449 1151 1508 in
1199 1465 1470 1528 corpore.
1559 1447 1708 1508 Nam
1755 1454 1824 1508 ut
1881 1447 2097 1508 medici
2143 1464 2319 1508 causa
2367 1445 2563 1507 morbi
2610 1448 2700 1507 in-

340 1545 515 1599 venta
561 1539 930 1599 curationem
979 1555 1111 1598 esse
1156 1539 1460 1598 inventam
1505 1543 1745 1618 putant,
1791 1538 1879 1596 sic
1925 1555 2034 1597 nos
2081 1554 2259 1597 causa
2305 1534 2700 1614 aegritudinis

229 1673 318 1736 11

243 1750 322 1799 ⁴24

341 1633 578 1705 reperta
625 1625 900 1687 medendi
947 1626 1287 1686 facultatem
1333 1627 1721 1705 reperiemus

518 1714 628 1775 Est
687 1717 870 1794 igitur
944 1732 1122 1775 causa
1186 1716 1379 1775 omnis
1443 1716 1506 1775 in
1580 1716 1859 1794 opinione
1923 1732 2035 1775 nec
2100 1732 2241 1774 vero
2306 1713 2703 1791 aegritudinis

344 1803 565 1885 solum,
620 1803 724 1864 sed
782 1805 961 1863 etiam
1014 1803 1381 1882 reliquarum
1437 1805 1704 1863 omnium
1758 1801 2304 1884 perturbationum,
2359 1819 2509 1880 quae
2558 1808 2704 1862 sunt

342 1910 561 1971 genere
610 1901 910 1972 quattuor,
957 1891 1227 1971 partibus
1270 1892 1494 1971 plureS.

1581 1891 1730 1952 Nam
1777 1910 1913 1952 cum
1961 1893 2154 1951 omnis
2199 1889 2572 1972 perturbatio
2623 1892 2703 1952 sit

339 1982 523 2041 >animi
570 1988 769 2041 motus
815 1980 907 2040 vel
953 1981 1197 2041 rationis
1245 1998 1460 2060 expers
1499 1980 1591 2041 vel
1635 1982 1929 2041 rationem
1975 1998 2301 2060 aspernans
2343 1978 2435 2039 vel
2481 1981 2701 2040 rationi

342 2087 461 2129 non
519 2067 843 2129 oboediens
855 2117 871 2150 ,
948 2071 1119 2148 isque
1176 2077 1375 2130 motus
1429 2076 1534 2129 aut
1595 2068 1738 2129 boni
1793 2078 1896 2130 aut
1950 2069 2089 2130 mali
2143 2070 2421 2148 opinione
2479 2070 2701 2130 citetur-

342 2156 633 2238 bifariam,
678 2166 959 2237 quattuor
1005 2156 1487 2237 perturbationes
1534 2157 1859 2236 aequaliter
1905 2157 2258 2219 distributae
2306 2165 2462 2218 sunt.
2548 2156 2701 2218 Nam

341 2247 492 2307 duae
540 2257 681 2307 sunt
728 2265 800 2306 ex
847 2248 1125 2328 opinione
1173 2246 1342 2328 honi,
1398 2264 1654 2327 quarum
1710 2246 1893 2307 altera
1948 2248 2283 2326 voluptas
2339 2248 2699 2328 gestienS,

341 2335 400 2395 id
467 2344 561 2396 est
623 2345 860 2415 praeter
923 2336 1166 2396 modum
1229 2335 1380 2397 elata
1440 2335 1690 2417 laetitia,
1755 2338 2033 2417 opinione
2104 2337 2437 2416 praesentis
2504 2338 2703 2416 magni

343 2423 595 2485 alicuius
641 2424 808 2504 boni,
849 2424 1081 2505 altera,
1142 2443 1293 2503 quae
1352 2431 1444 2486 est
1487 2425 1855 2486 inmoderata
1902 2425 2185 2505 adpetitio
2233 2426 2456 2505 opinati
2502 2427 2701 2504 magni

344 2511 487 2573 boni
551 2515 766 2574 rationi
821 2531 942 2573 non
996 2513 1442 2596 obtemperanS,
1507 2513 1601 2575 vel
1664 2515 2028 2594 cupiditas
2093 2522 2259 2575 recte
2314 2512 2407 2574 vel
2471 2512 2699 2574 libido

249 2614 324 2663 25
344 2601 461 2663 dici
526 2609 739 2682 potest.
832 2601 991 2680 Ergo
1055 2601 1202 2662 haec
1250 2601 1368 2663 duo
1429 2620 1675 2683 genera,
1742 2603 2009 2683 voluptas
2065 2605 2327 2682 gestiens
2383 2611 2443 2663 et
2497 2601 2702 2685 libido,

415 2814 502 2862 23.
558 2825 658 2864 nos
711 2810 930 2876 melitae,
986 2809 1126 2864 iiber
1171 2809 1282 2864 den
1326 2809 1467 2864 Vor-

345 2879 491 2932 wurf
522 2898 564 2934 s.
604 2898 648 2934 z.
688 2885 740 2947 4,
778 2885 825 2933 7.

342 2966 655 3075 tam
693 2952 1472 3090 amar-mm

348 3091 534 3146 cheud
579 3091 681 3145 hat
717 3090 808 3146 (1ιο
844 3090 1269 3146 Bektimmerms
1308 3094 1472 3147 einen

346 3161 594 3230 Namen,
648 3160 707 3216 in
763 3162 892 3216 dem
954 3161 1054 3216 der
1108 3161 1325 3230 Begriff
1374 3163 1472 3217 des

343 3232 671 3288 Schmerzes
717 3232 902 3302 liegt',
956 3232 1056 3286 das
1098 3230 1293 3287 heisst:
1342 3233 1472 3288 dem

347 3302 557 3359 Wesen
584 3304 685 3358 der
701 3303 1128 3359 Bekfimmernis
1157 3303 1473 3373 entspricht

343 3390 426 3441 es,
465 3375 587 3430 dass
625 3375 707 3429 sie
745 3376 912 3429 einen
949 3375 1169 3429 Namen
1205 3375 1335 3443 hat,
1373 3375 1472 3429 der

344 3445 454 3499 mit
489 3446 616 3500 dem
652 3445 870 3516 Begriff
901 3444 1216 3500 Krankheit
1263 3461 1472 3500 zusam-

345 3516 670 3585 menhttngt.
719 3548 785 3556 —
841 3517 908 3569 In
963 3516 1091 3571 dem
1138 3517 1472 3598 Vergleiche

345 3591 412 3640 ut
466 3588 766 3655 acyrotatio
823 3603 969 3657 corp.
1017 3587 1159 3642 wird
1215 3587 1473 3658 zugleich

350 3657 491 3782 derh
488 3656 680 3711 Grund
718 3658 1072 3727 angegeben‚
1109 3658 1359 3713 nflmlich
1397 3659 1472 3712 da

347 3726 467 3853 lsieh
495 3744 556 3782 er
581 3727 975 3797 kbrperlichen
995 3729 1310 3785 Krankheit
1335 3730 1471 3784 'ahu-

371 3815 425 3853 ιο
501 3799 593 3854 ist.

421 3870 560 3940 Kap.
593 3869 689 3925 11.
738 3875 824 3925 24.
853 3871 1029 3950 igitur
1054 3871 1352 3926 verbindet
1379 3871 1471 3925 die

350 3941 733 4011 Abhandlung
805 3939 913 3994 mit
984 3941 1083 3996 der
1154 3942 1301 4012 Prop
1302 3942 1472 3998 esitio

345 4012 489 4067 oder
532 4012 766 4082 Angabe
813 4012 912 4066 des
959 4011 1201 4067 Themas
1248 4014 1477 4083 (doloris

353 4113 422 4123 -
478 4085 630 4152 oriyo
684 4084 1017 4152 explicanda
1071 4085 1195 4153 est),
1259 4084 1474 4139 welche

353 4153 533 4207 durch
560 4155 668 4208 den
696 4154 1181 4224 eingeschobenen
1211 4153 1342 4209 Sat-,z
1369 4154 1476 4208 mit

351 4241 485 4278 mam
527 4230 593 4278 ut
637 4227 833 4280 medici
870 4227 976 4281 cet.
1014 4226 1192 4280 nither
1230 4226 1473 4296 begrfin-

350 4295 453 4349 det
468 4295 673 4351 warde.
714 4296 954 4364 Seyffert
972 4298 1098 4353 Sch.
1120 4297 1242 4353 Lat.
1266 4297 1290 4349 I
1310 4315 1363 4367 p.
1389 4302 1472 4352 12.

1375 4584 2892 4648 A——-————-—-...J

1648 2810 1713 2864 in
1748 2810 2023 2877 opinione.
2098 2807 2280 2864 Sowie
2317 2807 2430 2863 alle
2466 2807 2704 2878 Tugend

1578 2881 1680 2934 auf
1710 2878 1894 2934 einem
1921 2880 2145 2935 Wissen
2177 2880 2399 2946 beruht,
2437 2898 2482 2936 z.
2506 2879 2570 2934 B.
2611 2880 2700 2934 die

1579 2950 1911 3020 Tapferkeit
1972 2950 2074 3004 auf
2125 2951 2254 3005 dem
2308 2950 2537 3006 Wissen
2589 2967 2703 3007 von

1580 3022 1738 3091 dem,
1793 3037 1910 3076 was
1963 3021 2253 3076 furchtbar
2298 3022 2375 3076 ist
2424 3022 2542 3076 und
2586 3039 2703 3077 was

1579 3093 1763 3161 nicht,
1813 3108 1874 3146 so
1923 3092 2171 3147 beruhen
2217 3092 2308 3147 die
2345 3091 2570 3147 Affekte
2605 3093 2708 3148 auf

1580 3162 1736 3218 einer
1770 3163 2026 3218 falschen
2053 3162 2415 3234 Einbildung,
2452 3163 2701 3219 nttmlich

1579 3233 1702 3288 dass
1740 3233 1830 3289 die
1859 3233 2041 3304 Dinge
2077 3234 2536 3304 begehrenswert
2567 3236 2703 3290 oder

1577 3304 1868 3359 furchtbar
1904 3305 2075 3374 seien,
2112 3305 2204 3359 die
2241 3321 2299 3359 es
2336 3305 2496 3360 nicht
2533 3306 2676 3362 sind.

1641 3377 1931 3444 partibus.-
1985 3376 2045 3429 in
2091 3377 2199 3431 den
2244 3377 2702 3433 Unterabteilun-

1580 3463 1705 3516 gen.
1764 3447 1811 3502 V
1841 3452 1927 3515 25,
1959 3453 2024 3502 71
2053 3464 2253 3517 genera
2277 3453 2569 3518 partesque
2592 3450 2703 3502 vir-

1578 3522 1774 3572 tutum.

1649 3590 1733 3643 vel
1804 3590 2043 3643 rationis
2098 3621 2164 3629 —
2216 3605 2331 3644 non
2401 3590 2701 3656 oboediam,

1580 3659 2101 3729 Umschreibungen
2137 3661 2238 3714 der
2275 3660 2560 3715 stoischen
2597 3661 2702 3716 De-

1580 3730 1817 3786 finition.
1856 3730 2064 3817 Diog.
2122 3730 2228 3785 VH
2285 3737 2388 3786 110
2454 3728 2572 3786 ἔστι
2636 3729 2699 3787 δὲ

1582 3795 1721 3856 camd
1788 3789 1866 3855 τὸ
1919 3798 2111 3865 πάθος
2164 3797 2310 3856 κατὰ
2369 3798 2610 3871 Ζήνωνα
2664 3798 2698 3872 ἡ

1580 3868 1807 3959 ἄλογος
1829 3872 1927 3927 καὶ
1971 3869 2126 3958 παρὰ
2175 3869 2350 3958 φύσιν
2388 3874 2586 3943 ψυκῆς
2621 3876 2699 3929 m'-

1582 3934 2700 4086 ''⁷²32‘5212r‘10‘332t’?‘A'Zfflffihnnchen

1581 4088 1862 4152 excitetur,
1897 4091 2192 4141 moveatwr.

1652 4158 1905 4226 voluptas
1956 4158 2201 4248 θωτέρω.
2277 4156 2432 4214 Stob.
2490 4158 2592 4213 ecl.
2649 4159 2699 4212 11

1581 4246 1634 4297 p.
1687 4233 1788 4282 174
1821 4223 2066 4315 ἡδονὴν
2132 4226 2191 4283 δ’
2259 4226 2409 4283 εἶναι
2465 4225 2699 4318 ἔπαρσιν

1580 4298 1768 4368 ψυχῆς
1804 4293 2024 4368 ἀπειθῆ
2061 4295 2236 4374 λόγῳ,
2275 4301 2458 4355 αἴτιον
2497 4295 2557 4354 δ’
2599 4295 2699 4354 αὖ·
