2902 4649
601 141 1206 212 TUSCULANARUM
1240 140 1853 197 DISPUTATIONUM
1888 142 1957 197 H.
1993 147 2224 200 43—46.
2506 142 2593 207 95

230 305 586 373 molestiae?
676 309 850 389 Nunc
897 327 1007 389 ego
1063 326 1185 369 non
1238 326 1484 388 possum
1541 317 1773 370 tantum
1825 308 2126 372 hominem
2181 310 2328 371 nihil
2384 328 2592 390 sapere
2613 318 2685 368 45

235 401 469 481 dicere,
526 399 631 460 sed
689 415 799 458 nos
855 397 929 458 ab
986 416 1057 458 eo
1115 398 1377 459 derideri
1421 406 1586 478 puto.
1677 396 1815 477 Ego,
1851 417 2148 460 summum
2196 399 2464 461 dolorem
2510 434 2594 442 —

236 506 541 551 summum
588 495 789 548 autem
836 486 997 567 dico,
1047 488 1227 547 etiam
1282 488 1334 546 si
1389 485 1597 548 decem
1654 489 1867 548 atomis
1923 497 2015 550 est
2068 490 2259 548 maior
2313 488 2463 550 alius
2510 523 2594 531 —

236 596 362 640 non
410 579 696 638 continuo
744 593 876 637 esse
913 574 1047 635 dico
1087 574 1327 635 brevem
1373 575 1715 655 multosque
1760 594 2005 656 possum
2054 576 2242 637 bonos
2287 579 2447 638 viros
2493 596 2597 639 no·

237 669 489 747 minare,
526 668 630 745 qui
667 663 987 744 conplures
1023 681 1211 724 annos
1248 663 1557 726 doloribus
1594 664 1887 745 podagrae
1925 667 2274 727 crucientur
2311 668 2598 728 maximis.

242 756 365 817 Sed
411 754 591 815 homo
638 762 807 814 catus
845 770 1167 832 numquam
1207 755 1489 815 terminat
1525 770 1636 814 nec
1674 753 2098 833 magnitudinis
2143 772 2255 815 nec
2303 754 2595 816 diuturni-

238 846 383 906 tatis
431 842 699 923 modum,
746 851 814 903 ut
859 843 1043 902 sciam
1089 841 1233 921 quid
1280 859 1581 902 summum
1627 841 1785 902 dicat
1829 845 1891 902 in
1939 842 2171 925 dolore,
2226 843 2370 922 quid
2413 843 2596 906 breve

237 937 306 994 in
351 942 641 1012 tempore.
734 930 1091 992 Omittamus
1147 930 1306 991 hunc
1361 933 1546 1009 igitur
1593 929 1741 991 nihil
1786 949 2038 1010 prorsus
2083 931 2382 993 dicentem
2429 951 2597 1012 coga-

241 1040 499 1101 musque
546 1020 819 1080 confiteri
861 1037 980 1078 non
1029 1037 1162 1079 esse
1218 1018 1291 1079 ab
1346 1037 1419 1080 eo
1476 1018 1699 1081 doloris
1756 1020 2019 1081 remedia
2074 1022 2438 1102 quaerenda,
2495 1024 2600 1102 qui

238 1110 514 1171 dolorem
561 1108 852 1169 malorum
899 1109 1164 1169 omnium
1210 1125 1553 1169 maxumum
1601 1108 1845 1190 dixerit,
1899 1111 2167 1188 quamvis
2222 1108 2380 1170 idem
2432 1111 2597 1171 forti-
2670 1141 2673 1144 1

241 1198 450 1260 culum
508 1217 572 1259 se
628 1199 692 1257 in
746 1195 1104 1257 torminibus
1160 1204 1221 1257 et
1282 1198 1346 1257 in
1400 1199 1737 1277 stranguria
1792 1215 1902 1258 sua
1953 1197 2253 1277 praebeat.
2345 1198 2597 1260 Aliunde

239 1290 431 1367 igitur
476 1295 569 1347 est
615 1284 955 1365 quaerenda
999 1283 1293 1345 medicina
1339 1293 1401 1346 et
1445 1287 1697 1346 maxime
1743 1284 2012 1368 quidem,
2059 1289 2110 1348 si
2157 1287 2299 1366 quid
2348 1290 2599 1349 maxime

241 1383 714 1438 consentaneum
771 1375 850 1433 sit
906 1376 1278 1454 quaerimuS,
1338 1372 1410 1433 ab
1471 1377 1574 1455 iis,
1633 1374 1850 1454 quibus
1911 1375 2071 1454 quod
2129 1374 2449 1437 honestum
2510 1387 2602 1438 est

246 1482 550 1527 summum
611 1462 862 1542 bonum,
929 1462 1088 1542 quod
1149 1471 1327 1542 turpe
1386 1480 1686 1523 summum
1746 1463 1982 1525 videtur
2035 1464 2271 1525 malum.
2363 1464 2470 1526 His
2534 1474 2601 1526 tu

243 1551 667 1635 praesentibus
713 1568 953 1630 gemere
1001 1560 1062 1612 et
1106 1553 1327 1612 iactare
1384 1560 1441 1612 te
1499 1569 1617 1612 non
1667 1551 1912 1615 audebis
1968 1553 2267 1632 profect03
2322 1553 2603 1633 loquetur

243 1645 407 1704 enim
456 1660 664 1702 eorum
712 1658 855 1700 voce
901 1639 1102 1701 Virtus
1148 1642 1276 1719 ipsa
1323 1647 1552 1701 tecum:

428 1730 625 1809 Tune,
673 1746 810 1789 cum
855 1747 1077 1815 pueros
1123 1728 1596 1808 Lacedaemone,
1641 1728 2054 1791 adulescentes
2093 1729 2423 1812 Olympiae,
2468 1731 2599 1792 bar·
2622 1698 2714 1762 20

243 1821 427 1881 baros
482 1822 545 1879 in
604 1819 822 1878 harena
869 1807 1091 1878 videris
1138 1819 1505 1897 excipientes
1551 1819 1927 1896 gravissimas
1972 1818 2173 1897 plagas
2228 1827 2289 1879 et
2344 1775 2694 1882 ferentes46

245 1909 517 1989 silentio,
562 1909 615 1967 si
661 1913 720 1967 te
767 1906 921 1967 forte
969 1905 1140 1967 dolor
1188 1906 1402 1985 aliquis
1437 1905 1811 2019 pervellerit,
1858 1906 2213 1968 exclamabis
2261 1917 2328 1968 ut
2371 1909 2605 1988 mulier,

243 2016 371 2058 non
428 2003 774 2057 constanter
830 2004 889 2056 et
955 1994 1156 2056 sedate
1215 1990 1467 2055 feres?
1510 1991 1704 2055 Ferri
1758 2013 1881 2055 non
1936 2003 2159 2076 potest3
2220 2004 2431 2058 natura
2485 2017 2608 2059 non

242 2080 516 2167 patitur?
570 2118 650 2128 —
698 2084 906 2144 Audio.
997 2082 1181 2144 Pueri
1228 2084 1433 2144 ferunt
1477 2083 1662 2162 gloria
1710 2083 1902 2165 ducti,
1959 2085 2162 2145 ferunt
2214 2083 2444 2164 pudore
2491 2086 2610 2167 alii,

244 2174 426 2236 multi
462 2184 653 2255 metu,
701 2179 762 2233 et
798 2180 995 2232 tamen
1035 2189 1337 2250 veremur,
1385 2180 1453 2232 ut
1488 2171 1630 2253 hoc,
1678 2171 1837 2252 quod
1876 2191 1907 2234 a
1946 2181 2065 2233 tam
2105 2173 2308 2234 multis
2351 2181 2411 2235 et
2447 2175 2609 2253 quod

248 2272 344 2327 tot
389 2263 536 2324 locis
582 2262 952 2344 perferatur,
997 2269 1209 2322 natura
1253 2255 1557 2341 patiatur?
1638 2259 1741 2321 Illa
1786 2279 1928 2321 vero
1975 2280 2096 2322 non
2143 2261 2317 2322 modo
2364 2265 2607 2344 patitur,

250 2371 462 2414 verum
520 2354 696 2415 etiam
749 2350 1039 2431 postulat:
1104 2350 1248 2411 nihil
1306 2352 1466 2410 enim
1521 2349 1701 2412 habet
1753 2353 2182 2432 praestantiuS,
2245 2352 2390 2412 nihil
2445 2353 2607 2432 quod

248 2443 444 2521 magis
504 2448 742 2521 expetat
802 2457 981 2518 quam
1039 2437 1411 2499 honestatem
1473 2456 1651 2517 quam
1710 2439 1971 2522 laudem,
2030 2458 2209 2519 quam
2254 2440 2610 2520 ‘dignitatem

250 2549 437 2611 quam
481 2529 682 2591 decus,
774 2527 955 2588 Hisce
1012 2545 1121 2607 ego
1174 2526 1449 2607 pluribus
1506 2527 1848 2588 nominibus
1903 2546 2082 2589 unam
2139 2547 2265 2590 rem
2319 2529 2609 2591 declarari

251 2618 421 2700 volo,
467 2618 572 2679 sed
612 2625 779 2699 utor,
825 2624 894 2677 ut
940 2634 1117 2696 quam
1157 2617 1408 2676 maxime
1458 2616 1812 2697 significem,
1856 2616 2146 2696 pluribus,
2221 2616 2364 2677 Volo
2411 2626 2610 2680 autem

329 2900 416 2951 45.
453 2894 650 2950 Nunc:
705 2894 813 2949 wie
862 2892 955 2947 die
1012 2892 1192 2948 Sache
1239 2892 1384 2963 jetzt
1491 2885 1598 2946 οὐκ
1652 2885 2036 2946 ἀπολείποντα
2098 2894 2201 2946 τοῦ
2269 2889 2333 2948 ἐν
2389 2888 2617 2957 ἑαυτοῖς

252 2967 438 3034 steht,
485 2965 559 3019 da.
594 2982 699 3019 uns
735 2964 954 3034 Epikur
989 2963 1115 3019 eine
1149 2962 1382 3019 Ausein·
1458 2994 1463 3001 «
1490 2957 1804 3050 μεγέθους,
1839 2957 2351 3049 ἀντιπαρετάττετο
2378 2963 2444 3020 δὲ
2473 2966 2613 3020 πᾶσι

252 3038 669 3105 andersetzung
717 3035 973 3105 gegeben
1025 3035 1155 3103 hat,
1210 3035 1383 3089 deren
1490 3030 1713 3095 τούτοις
1748 3032 1811 3088 τὸ
1848 3031 1995 3089 κατὰ
2042 3031 2249 3126 ’ψυχιὴν
2281 3041 2481 3104 χαῖρον
2519 3033 2616 3091 ἐπὶ

257 3106 664 3163 Verkehrtheit
689 3123 752 3161 so
781 3107 881 3161 auf
905 3107 1005 3160 der
1030 3105 1198 3160 Hand
1224 3106 1381 3175 liegt.
1490 3105 1573 3188 τῇ
1596 3103 1710 3159 τῶν
1743 3101 2083 3190 γεγονότων
2136 3112 2274 3176 ημῖν
2329 3109 2613 3176 διαλογισ-

252 3177 493 3249 Vg1.111
517 3184 564 3246 1,
585 3184 617 3232 2
636 3193 787 3234 nunc
808 3178 1064 3246 parvulis
1089 3177 1249 3231 nobis
1276 3179 1382 3231 cet.
1490 3175 1612 3245 μῶν
1648 3172 1854 3246 μνήμῃ.

331 3252 510 3306 decem
572 3250 796 3315 atomz's,
863 3249 956 3302 ein
1019 3246 1096 3317 Sp
1099 3249 1186 3302 ott
1245 3248 1385 3302 tiber
1562 3248 1774 3301 iactare
1809 3252 1884 3314 te,
1930 3246 2055 3301 hier
2089 3246 2252 3302 nicht
2284 3249 2347 3301 in
2383 3247 2483 3302 der
2519 3264 2615 3318 ge-

255 3321 506 3405 Epikurs
533 3319 741 3388 Lehre,
777 3319 925 3374 nach
954 3318 1054 3373 der
1058 3265 1249 3373 pnicht
1282 3336 1389 3372 nur
1496 3316 1850 3372 wchnliohen
1896 3317 2184 3372 Bedeutun
2286 3318 2431 3373 ‘sich
2485 3319 2616 3373 brii-

255 3393 351 3449 die
387 3392 573 3458 Welt,
620 3391 860 3446 sondern
904 3390 1050 3444 auch
1097 3389 1187 3443 die
1227 3389 1387 3444 Seele
1497 3388 1664 3455 sten’,
1732 3387 1972 3443 sondern
2032 3405 2136 3442 vor
2230 3389 2450 3444 chmerz
2518 3390 2619 3444 hin

255 3464 376 3520 und
425 3462 519 3517 die
575 3460 1016 3531 Eigenschaften
1070 3459 1172 3515 der
1226 3459 1387 3515 Seele
1496 3458 1609 3512 und
1667 3458 1771 3511 her
1822 3458 2058 3526 werten,
2118 3458 2226 3513 wie
2273 3458 2474 3514 Cat.1
2532 3467 2620 3528 13,

255 3552 362 3592 aus
397 3532 798 3604 kerperlichen
831 3534 1077 3586 Atomen
1117 3530 1389 3586 bestehen
1496 3535 1562 3583 31
1619 3528 1962 3583 homines—
2000 3501 2122 3584 cum
2167 3536 2322 3586 aestu
2374 3531 2621 3603 febrique

257 3605 458 3662 sollen.
511 3612 514 3615 '
1494 3600 1794 3655 iactantur.

329 3682 490 3733 catus
534 3674 612 3729 ist
654 3673 801 3729 nach
855 3674 1003 3728 Non.
1058 3690 1112 3741 p.
1170 3677 1238 3726 92
1292 3688 1388 3741 ge·
1566 3669 1709 3740 Καρ.
1748 3668 1846 3726 20.
1919 3676 2006 3727 46.
2064 3672 2261 3742 audin,
2320 3672 2446 3728 ‘das
2489 3673 2626 3728 lal'st

260 3747 576 3804 schrieben.
652 3743 766 3799 Das
785 3744 953 3799 Wort
986 3760 1104 3797 war
1138 3761 1207 3797 zu
1235 3741 1387 3797 Cice·
1498 3738 1620 3796 sich
1675 3741 1898 3796 horen'.
1971 3761 2031 3813 p.
2079 3743 2133 3797 S.
2189 3743 2352 3799 Rosc.
2413 3750 2497 3813 18,
2554 3750 2623 3799 52

261 3836 355 3875 ros
397 3817 524 3872 Zeit
556 3814 769 3871 bereits
806 3815 1065 3871 veraltet.
1498 3812 1696 3877 audio,
1732 3829 1884 3867 nunc
1918 3814 2061 3869 dicis
2087 3814 2330 3883 aliquid,
2365 3817 2510 3885 quod
2545 3817 2625 3872 ad

333 3896 399 3945 ut
433 3890 632 3955 sciam,
678 3904 720 3941 s.
768 3905 813 3941 z.
860 3887 886 3940 I
930 3892 1027 3953 26,
1075 3889 1145 3940 64
1189 3888 1254 3939 ut
1296 3898 1391 3954 eqo
1498 3899 1609 3936 rem
1653 3884 1948 3952 pertineat.
2021 3884 2101 3940 Ib.
2149 3891 2244 3953 21,
2291 3889 2360 3940 58
2414 3886 2626 3953 Audio,

250 3968 458 4033 putem
1499 3954 1593 4009 sed
1645 3971 1758 4023 qua
1810 3955 1876 4009 de
1930 3972 2100 4011 causa
2143 3957 2319 4012 vereri
2361 3958 2624 4026 debuerit,

327 4034 395 4088 in
423 4031 772 4087 torminibus.
830 4030 922 4082 An
950 4026 1163 4083 seinem
1185 4025 1394 4080 Todes-
1500 4040 1654 4080 nemo
1689 4026 1841 4080 dicit.

261 4106 393 4174 tage
441 4101 666 4158 schrieb
713 4099 758 4153 Ε
801 4098 932 4154 ikur
976 4101 1041 4177 (s.
1091 4097 1164 4152 de
1198 4096 1290 4150 fin.
1341 4094 1395 4149 H
1572 4096 1779 4166 yloria,
1843 4096 2019 4153 durch
2075 4098 2183 4152 den
2237 4098 2450 4167 Ruhm,
2517 4099 2629 4154 den

262 4182 348 4244 80,
387 4180 474 4231 96.
551 4171 717 4242 Diog.
855 4171 947 4240 22)
1004 4186 1079 4224 an
1120 4168 1394 4227 Hermar-
1505 4165 1587 4221 sie
1623 4185 1690 4221 zu
1726 4168 1995 4237 erlangen
2030 4167 2241 4238 hoffen,
2283 4169 2336 4222 d.
2374 4169 2411 4225 i.
2452 4170 2628 4224 durch

264 4247 428 4302 chus.
462 4244 859 4326 στραγγουρία
870 4260 929 4295 τε
958 4233 1397 4328 παρηκολουθή-
1504 4236 1770 4307 Ehrgeiz,
1808 4237 1861 4293 V
1898 4243 1980 4305 10,
2017 4244 2084 4293 31
2124 4256 2235 4309 qua
2269 4241 2452 4312 yloria
2488 4257 2628 4296 com-

262 4336 352 4374 κει
378 4316 480 4373 καὶ
499 4308 868 4384 δυςεντερικά
890 4308 1057 4383 πάθη
1076 4304 1398 4382 υπερβολὴν
1503 4313 1692 4364 motus.
