2902 4649
324 150 451 216 102
1110 149 1185 205 Μ.
1225 148 1468 204 TULLII
1505 147 1886 203 CICERONIS

318 336 455 378 nam
499 320 653 379 ratio
700 336 837 378 eum
885 318 957 377 de
1006 319 1301 378 sententia
1347 316 1719 395 deduxisset,
1767 314 2104 393 respondit:
2162 310 2361 394 ‘Quia‚
2407 318 2489 388 si,
2535 331 2680 375 cum

321 416 550 467 tantum
605 425 821 486 operae
879 406 1287 485 philosophiae
1343 404 1668 485 dedissem,
1734 404 2001 463 dolorem
2062 411 2262 463 tamen
2328 405 2488 464 ferre
2554 422 2678 464 non

316 514 583 576 possem,
632 498 773 556 satis
819 504 980 556 esset
1017 496 1352 573 argumenti
1396 493 1617 554 malum
1666 511 1796 553 esse
1846 491 2132 553 dolorem.
2220 492 2519 562 Plurimos
2565 512 2671 554 au-

317 594 438 644 tem
485 602 671 646 annos
717 586 779 644 in
826 583 1197 663 philosophia
1234 584 1578 662 consumpsi
1627 599 1752 642 nec·
1784 581 1944 641 ferre
1991 597 2266 659 possum:
2310 582 2532 655 malum
2579 590 2676 642 est

316 675 499 751 igitur
536 668 747 733 dolor?
832 672 982 734 Tum
1022 672 1391 752 Cleanthem,
1438 688 1577 731 cum
1614 671 1765 750 pede
1803 679 2026 731 terram
2063 672 2492 752 percussisset,
2537 689 2675 731 ver-

318 780 448 821 sum
497 780 567 821 ex
615 761 899 840 Epigonis
947 761 1149 821 serunt
1195 760 1441 821 dixisse:

652 866 921 929 Audis-ne
968 871 1151 942 haee,
1199 864 1602 943 Amphiarde‘,
1650 869 1760 927 sub
1809 875 2042 928 terram
2093 864 2340 927 dbdz’te?

227 991 296 1039 61
320 972 618 1033 Zenonem
683 974 1074 1056 significabat,
1139 993 1169 1034 a
1238 992 1354 1053 quo
1418 974 1585 1035 illum
1645 974 2008 1053 degenerare
2067 973 2318 1034 dolebat.
2412 976 2486 1034 At
2549 992 2675 1034 non

319 1071 524 1123 noster
577 1062 960 1142 PosidoniuS‚
1027 1082 1205 1142 quem
1270 1071 1330 1123 et
1392 1065 1522 1142 ipse
1584 1081 1758 1142 saepe
1814 1062 1932 1123 vidi
1990 1074 2049 1124 et
2103 1063 2163 1122 id
2222 1062 2440 1146 dicam,
2506 1063 2669 1141 quod

318 1150 542 1212 solebat
589 1170 831 1212 narrare
878 1151 1226 1231 PompeiuS‚
1283 1169 1375 1232 se,
1431 1170 1568 1212 cum
1615 1151 1890 1211 Rhodum
1938 1154 2197 1212 venisset
2243 1150 2540 1212 decedens
2599 1170 2677 1212 ex

318 1239 512 1320 Syria,
559 1241 763 1301 audire
812 1240 1068 1301 voluisse
1113 1240 1525 1321 Posidonium3
1572 1240 1676 1301 sed
1725 1259 1862 1301 cum
1909 1241 2172 1301 audisset
2220 1259 2357 1300 eum
2403 1243 2667 1319 graviter

316 1347 447 1400 esse
487 1348 748 1410 aegrum,
786 1330 945 1409 quod
984 1329 1366 1390 vehementer
1405 1331 1534 1390 eius
1572 1339 1737 1389 artus
1774 1329 2131 1410 laborarent,
2168 1328 2423 1389 voluisse
2464 1338 2665 1389 tamen

315 1417 748 1479 nobilissimum
795 1418 1212 1498 philosophum
1258 1420 1479 1478 visere:
1536 1436 1712 1497 quem
1771 1428 1839 1478 ut
1883 1417 2128 1479 vidisset
2185 1427 2245 1478 et
2292 1417 2669 1479 salutavisset

314 1507 777 1585 honorificisque
816 1507 1011 1568 verbis
1054 1516 1409 1586 prosecutus
1460 1515 1618 1567 esset
1664 1506 2032 1586 molesteque
2081 1526 2145 1566 se
2193 1508 2443 1567 dixisset
2488 1508 2671 1587 ferre,

311 1594 472 1674 quod
522 1613 656 1655 eum
706 1614 824 1656 non
872 1604 1074 1675 posset
1122 1596 1356 1677 audire,
1404 1602 1466 1656 at
1511 1595 1608 1655 ille
1659 1590 1772 1656 ‘Tu
1820 1590 1985 1655 vero'
2032 1597 2230 1674 inquit
2276 1591 2498 1677 epotes3
2554 1613 2670 1656 nec

311 1686 676 1743 committam
722 1693 790 1745 ut
838 1684 1007 1746 dolor
1056 1686 1324 1764 corporis
1371 1684 1616 1764 efficiat,
1675 1692 1742 1745 ut
1798 1685 2020 1744 frustra
2068 1691 2269 1745 tantus
2316 1686 2408 1743 vir
2455 1684 2525 1745 ad
2573 1702 2671 1745 me

313 1767 583 1832 venerit?
673 1772 877 1852 Itaque
940 1773 1219 1834 narrabat
1279 1792 1417 1833 eum
1477 1776 1735 1852 graviter
1795 1781 1855 1832 et
1911 1775 2150 1852 copiose
2211 1772 2284 1833 de
2349 1772 2461 1833 hoc
2525 1775 2679 1854 ipso,

312 1860 457 1920 nibil
520 1879 651 1921 esse
711 1861 935 1923 bonum
999 1864 1112 1922 nisi
1173 1862 1329 1941 quod
1392 1870 1553 1924 esset
1612 1861 1959 1946 honestum,
2026 1861 2343 1922 cubantem
2404 1862 2669 1941 disputa-

386 2049 534 2119 Quia
587 2052 638 2104 si
692 2067 813 2105 cum
868 2052 1000 2106 seh:
1068 2051 1276 2105 ‘Wenn
1338 2050 1431 2106 ioh

306 2122 459 2174 trotz
521 2119 698 2174 vieler
760 2121 864 2175 auf
920 2121 1012 2176 die
1068 2121 1433 2192 Philosophia

309 2192 662 2246 verwandter
679 2191 858 2246 Miihe·
868 2192 977 2247 den
994 2193 1257 2247 Schmerz
1274 2194 1433 2248 nicht

309 2265 571 2333 ertragen
598 2262 838 2331 munte,
874 2280 937 2318 so
965 2264 1155 2319 wiirde
1190 2264 1310 2319 dies
1338 2263 1430 2320 ein

305 2335 671 2403 geniigender
724 2334 938 2390 Beweis
994 2336 1114 2390 sein
1167 2354 1221 2393 u.
1271 2354 1312 2392 s.
1360 2354 1427 2390 w.

310 2405 408 2457 ich
446 2404 592 2459 habe
630 2406 764 2460 aber
800 2406 947 2460 viele
983 2407 1153 2461 Jahre
1206 2407 1306 2462 auf
1339 2407 1429 2462 die

311 2475 675 2545 Philosophie
738 2477 1029 2531 verwandt
1090 2478 1207 2531 und
1272 2478 1425 2532 kann

306 2549 585 2601 trotzdem
623 2548 733 2602 den
761 2547 1023 2603 Schmerz
1058 2549 1215 2604 nicht
1252 2552 1425 2603 ertra·

987 2620 1004 2645 2

307 2635 443 2742 Ξιῒέ
471 2617 1293 2760 {2}g.‡¹⁰l².;²s}113·g...fu⁹.,¹32
1306 2619 1428 2745 ‘¹332

309 2758 399 2813 die
430 2760 655 2815 Stoiker
681 2761 803 2815 ihre
827 2761 1277 2831 Behauptungen
1304 2779 1428 2816 aus-

308 2831 651 2899 zusprechen
678 2831 907 2886 liebten.
980 2832 1095 2887 Der
1120 2835 1268 2888 erste
1298 2831 1426 2888 Satz

308 2902 384 2954 ist
437 2901 545 2955 mit
596 2904 732 2971 quia
766 2920 850 2957 ,an
896 2902 987 2959 die
1032 2904 1211 2973 Frage
1257 2920 1428 2973 ange·

308 2971 621 3038 sehlossen,
660 2975 744 3027 als
783 2974 853 3027 ob
893 2991 954 3028 er
980 2949 1173 3029 sehon*³
1181 2974 1272 3028 fur
1306 2975 1429 3029 sich

305 3042 401 3096 die
438 3042 844 3112 Begrfindung‚
881 3045 1133 3099 weshalb
1170 3046 1236 3098 D.
1276 3044 1426 3099 aeine

308 3112 579 3183 Meiuung
625 3115 898 3183 ςθῆιιᾱθιὺ
939 3115 1113 3183 habe,
1160 3117 1423 3181 enthielt3

309 3185 577 3237 wahrend
631 3184 786 3239 dieue
831 3185 977 3240 doch
1022 3184 1080 3238 in
1122 3187 1253 3240 dem
1289 3203 1425 3256 gan-

306 3272 408 3309 zen
442 3254 587 3309 Kom
630 3257 720 3310 lex
757 3256 856 3310 der
893 3256 1054 3311 Satze
1090 3257 1249 3326 liegt
1280 3288 1347 3297 —
1375 3260 1427 3312 si

303 3327 451 3380 fehlt
487 3326 546 3381 in
625 3343 696 3382 en
731 3328 850 3382 Hds
854 3348 896 3382 s.
933 3326 1048 3382 und
1086 3329 1251 3382 stand
1290 3328 1426 3384 viel-

306 3399 482 3452 leicht
515 3415 616 3454 vor
666 3400 902 3454 dolorem
950 3400 1087 3455 oder
1135 3417 1238 3455 vor
1284 3399 1428 3466 ferre

303 3485 419 3522 non
446 3485 689 3537 possevin
732 3470 876 3524 doch
914 3471 1015 3525 hat
1051 3486 1184 3525 man
1219 3488 1292 3525 an
1329 3471 1429 3526 der

304 3540 572 3609 Hilufung
609 3540 707 3594 der
733 3540 1191 3610 Konjunktionen
1227 3560 1294 3596 zu
1314 3544 1425 3596 An-

310 3613 446 3680 fang
473 3611 573 3664 der
598 3610 834 3665 Periode
863 3611 1065 3666 keinen
1091 3613 1321 3668 Austoss
1358 3630 1426 3666 zu

305 3682 563 3735 nehmen.
641 3680 767 3751 Vgl.
805 3683 886 3735 ΠΙ
931 3689 1028 3747 27,
1076 3689 1144 3737 64
1187 3686 1334 3753 quod
1378 3686 1430 3737 si

303 3753 404 3821 qui
451 3751 595 3818 forte
644 3768 765 3805 cum
810 3769 866 3806 se
911 3755 974 3806 in
1010 3755 1163 3807 luctu
1199 3758 1302 3809 cet.
1378 3755 1429 3807 V

304 3829 357 3888 8,
395 3829 462 3876 21
499 3828 564 3877 ut
607 3839 763 3906 quem
807 3824 883 3878 ad
925 3826 1144 3879 modum
1186 3827 1238 3879 si
1283 3827 1429 3894 quod

273 3933 277 3937 «
302 3896 583 3948 honestum
617 3895 692 3949 sit
729 3897 831 3950 cet.

375 3966 653 4035 Epiyoni,
701 3982 764 4020 so
809 3964 952 4019 hiel's
990 3966 1112 4020 eine
1152 3966 1299 4035 Trag
1304 3966 1430 4021 odie

303 4037 404 4088 des
444 4034 783 4116 Sophokle8‚
830 4052 930 4091 aus
978 4036 1079 4091 der
1124 3985 1429 4092 Kleanbhes

302 4107 412 4160 den
448 4105 591 4160 Vers
628 4079 868 4163 citierte.
941 4106 1430 4162 Wahrscheinlich

307 4179 468 4246 sagte
499 4177 807 4248 Alkmaon,
837 4178 1229 4248 Amphiaraus'
1260 4177 1427 4246 Sohn‚

301 4248 412 4302 den
448 4247 603 4303 Vere.

372 4320 773 4388 Amphiaraus,
784 4320 1226 4391 derArgivische
1238 4319 1431 4392 Seher,

1542 2050 1643 2106 der
1680 2050 1854 2104 durch
1894 2050 2047 2105 seine
2085 2068 2195 2105 von
2232 2050 2527 2121 Polynices
2570 2051 2671 2105 be-

1541 2122 1807 2176 stochene
1873 2121 2174 2176 Gemahlin
2237 2121 2508 2191 Eriphyle
2572 2140 2673 2176 zur

1541 2191 1872 2247 Teiinahme
1899 2210 1972 2248 an
2001 2194 2127 2247 dem
2158 2194 2308 2263 Zuge
2336 2194 2437 2248 der
2464 2193 2673 2248 Sieben

1539 2279 1723 2390 33.ssssss
1752 2264 2668 2392 Tss‘i'Yssrbfflss‘ssffffssffffissessss}

1715 2379 1730 2400 ν
2026 2386 2029 2389 >
2391 2379 2405 2405 ²

1542 2407 1664 2461 Tod
1701 2406 1854 2462 fand.

1607 2483 1691 2532 61.
1736 2478 2072 2534 Posidonius
2109 2495 2207 2532 aus
2244 2477 2521 2548 Apamea,
2562 2477 2664 2532 der

1535 2548 1771 2603 Schiiler
1806 2549 1903 2603 des
1941 2549 2237 2616 Faustinus,
2276 2550 2423 2604 nach
2460 2549 2668 2603 dessen

1535 2619 1690 2674 Tode
1756 2637 1815 2674 er
1879 2620 1969 2674 die
2026 2621 2270 2675 stoische
2328 2618 2534 2674 Schule
2598 2618 2664 2673 in

1534 2690 1767 2744 Rhodus
1794 2691 2005 2745 leitete.·
2078 2691 2217 2744 Hier
2243 2692 2407 2746 horte
2439 2690 2542 2744 ihn
2571 2688 2664 2745 Ci-

1537 2777 1664 2817 cero
1702 2762 1737 2815 i.
1776 2762 1826 2816 J.
1870 2766 1954 2816 78.
2031 2761 2085 2817 S.
2127 2762 2270 2816 Einl.
2312 2768 2343 2827 ξ
2386 2769 2467 2817 12.

1607 2849 1762 2901 quem
1789 2838 1838 2886 et
1869 2862 1932 2872 —
1961 2834 2082 2887 vidi
2109 2839 2160 2887 et
2186 2835 2249 2887 id
2274 2834 2475 2888 dicam.
2513 2832 2669 2887 Zwei

1537 2903 1712 2956 durch
1765 2909 1816 2957 et
1864 2933 1936 2944 —-
1990 2910 2041 2958 et
2096 2904 2452 2958 verbundene
2511 2904 2671 2959 Sat-z-

1536 2974 1751 3042 giieder
1805 2974 2033 3030 werden
2085 2974 2415 3029 relativisch
2469 2992 2530 3028 so
2591 2991 2668 3029 an

1536 3044 1629 3097 ein
1665 3043 1832 3100 Wort
1865 3047 2329 3116 angeschlossen‚
2384 3044 2509 3099 dass
2565 3046 2669 3100 das

1539 3115 1859 3170 Relativum
1896 3135 2002 3171 nur
2029 3135 2098 3171 zu
2126 3119 2254 3171 dem
2284 3119 2472 3171 ersten
2502 3114 2670 3171 Satze

1535 3187 1751 3255 gehort.
1826 3186 1896 3241 de
1943 3188 2031 3242 off.
2071 3188 2125 3240 II
2160 3194 2326 3254 3,12
2376 3205 2517 3256 quae
2561 3203 2666 3242 nec

1532 3258 1847 3312 haberemus
1881 3259 1998 3312 nisi
2031 3276 2231 3313 manus
2266 3265 2316 3312 et
2352 3275 2449 3313 ars
2485 3275 2663 3314 acees-

1533 3329 1692 3384 sisset
1738 3346 1837 3383 nee
1885 3331 1959 3384 iis
2006 3331 2125 3384 sine
2169 3330 2447 3384 hominum
2487 3331 2666 3385 admi-

1533 3401 1864 3454 nistratione
1898 3406 2187 3455 uteremur.

1603 3472 1861 3526 decedens
1896 3487 1964 3525 ex
2000 3471 2079 3540 Sy
2080 3472 2196 3535 ria,
2239 3470 2385 3524 nach
2424 3471 2663 3525 Beendi-

1535 3559 1691 3612 gung
1741 3541 1838 3596 des
1895 3489 2382 3595 Mithridat’ischen
2430 3541 2669 3611 Krieges

1536 3618 1621 3667 62.
1696 3612 1840 3668 Plin.
1897 3615 2012 3666 nat.
2068 3611 2355 3669 hist.V11
2405 3618 2665 3680 3o,112

1539 3683 1638 3737 Gn.
1683 3684 1976 3753 Pompeius
2013 3685 2253 3749 confecto
2279 3655 2670 3739 Mithridatico

1538 3755 1673 3808 bello
1699 3756 2016 3808 intraturus
2044 3754 2334 3809 Posidonii
2359 3755 2668 3822 sapientiae

1528 3826 1868 3894 professione
1903 3826 2046 3879 olari
2080 3827 2298 3880 domum
2330 3826 2505 3894 forem
2533 3843 2663 3894 per-

1537 3897 1653 3950 cuti
1671 3897 1736 3950 de
1764 3912 1909 3951 more
1936 3914 1974 3950 a
2001 3897 2188 3951 lictore
2213 3899 2384 3950 vetuit
2411 3902 2462 3950 et
2488 3897 2668 3964 fasces

1539 3968 1848 4022 litterarum
1889 3969 2099 4022 ianuae
2140 3969 2394 4022 submisit
2441 3970 2517 4034 is,
2570 3969 2667 4022 cui

1538 4054 1593 4093 se
1629 4039 1811 4093 oriens
1846 4040 2195 4108 occidensque
2229 4040 2566 4094 submiserat.

1610 4115 1670 4163 at
1704 4109 1823 4175 ille,
1859 4098 2163 4178 Ubergang
2199 4127 2300 4164 aus
2338 4110 2437 4163 der
2467 4108 2666 4165 Oratio

1540 4179 1771 4248 obliqua
1815 4180 1874 4234 in
1911 4180 2004 4234 die
2042 4180 2134 4236 Or.
2181 4185 2354 4235 recta.
2430 4179 2559 4250 Vgl.
2611 4199 2663 4235 z.

1540 4251 1616 4305 IV
1657 4257 1749 4320 19,
1796 4257 1865 4305 43
1913 4252 2048 4305 leves
2093 4257 2274 4307 autem
2315 4252 2672 4306 ratiunculas

1539 4338 1724 4377 eorum
1761 4352 1827 4361 —
1864 4323 1996 4377 haee
2029 4324 2241 4378 nullam
2289 4323 2488 4378 habent
2529 4323 2665 4378 vim.
