2902 4649
538 176 1138 244 TUSCULANARUM
1174 177 1787 233 DISPUTA'I'IONUM
1822 176 1916 234 IV.
1956 184 2185 237 26—29.
2254 146 2261 153 ⁵
2454 180 2542 244 65

177 364 278 408 res
324 358 446 407 non
491 344 686 406 habet.
777 344 936 424 Ergo
984 353 1044 406 et
1090 345 1276 406 invidi
1321 353 1381 406 et
1437 343 1708 405 malevoli
1759 343 1849 422 [et
1893 343 2085 422 lividi]
2135 354 2196 406 et
2243 346 2434 407 timidi
2481 354 2542 407 et

180 434 601 497 misericordes
610 483 629 516 ,
676 436 815 513 quia
860 434 1124 513 proclive
1172 433 1245 493 ad
1291 451 1393 494 eas
1449 432 1959 514 perturbationes,
2018 450 2139 494 non
2196 437 2332 514 quia
2389 453 2541 495 sem-

178 543 289 605 per
335 525 633 585 feruntur.
726 521 886 583 Haec
930 524 1116 602 igitur
1161 520 1506 602 proclivitas
1562 520 1635 582 ad
1693 540 1867 583 suum
1927 522 2207 601 quodque
2264 541 2452 603 genus
2509 541 2543 584 a

181 612 568 674 similitudine
637 612 908 691 corporis
973 613 1298 690 aegrotatio
1365 611 1626 692 dicatur,
1693 610 1836 672 dum
1898 628 1965 671 ea
2026 611 2406 690 intellegatur
2467 611 2541 672 ad

173 699 611 782 aegrotandum
657 699 1015 779 proclivitas.
1110 698 1228 760 Sed
1283 698 1430 760 haec
1487 701 1549 760 in
1604 699 1778 761 bonis
1833 698 2043 780 rebus„
2100 699 2259 779 quod
2316 700 2415 761 alii
2469 699 2542 761 ad

179 790 292 851 alia
339 790 493 850 bona
540 797 683 850 sunt
744 791 1031 868 aptiores,
1091 788 1343 849 facilitas
1401 790 1771 869 nominetur,
1827 791 1895 849 in
1955 787 2123 849 malis
2182 789 2542 870 proclivitaS,

174 887 248 941 ut
295 879 591 958 significet
637 877 992 959 lapsionem,
1037 878 1100 938 in
1147 879 1380 938 neutris
1426 876 1642 938 habeat
1687 879 1967 956 superius
2013 895 2247 938 nomen.

362 966 494 1038 Quo
541 966 718 1027 modo
765 974 965 1027 autem
1020 968 1082 1026 in
1132 983 1386 1045 corpore
1433 975 1526 1027 est
1573 965 1846 1047 morbus,
1902 974 1996 1027 est
2041 968 2393 1070 aegrotatio,
2450 975 2543 1028 est
2563 1005 2632 1055 29

178 1056 426 1136 vitium,
475 1057 561 1116 sic
605 1057 669 1115 in
716 1056 930 1118 animo.
1021 1054 1297 1115 Morbum
1344 1053 1641 1133 appellant
1678 1057 1861 1116 totius
1899 1057 2170 1135 corporis
2209 1058 2543 1136 corruptio-

181 1163 353 1226 nem,
401 1146 866 1223 aegrotationem
914 1141 1189 1204 morbum
1237 1161 1375 1204 cum
1419 1142 1836 1225 inbecillitate,
1878 1146 2113 1225 vitium,
2160 1162 2297 1205 cum
2342 1153 2544 1225 partes

183 1235 463 1314 corporis
507 1235 668 1294 inter
715 1250 778 1292 se
826 1231 1143 1314 dissident,
1191 1251 1263 1292 ex
1312 1250 1430 1312 quo
1478 1234 1735 1311 pravitas
1773 1231 2205 1315 membrorum,
2253 1234 2546 1315 distortio,

185 1322 557 1384 deformitas.
648 1319 854 1400 Itaque
901 1320 998 1382 illa
1046 1321 1192 1403 duo,
1240 1320 1486 1381 morbus
1533 1328 1594 1381 et
1640 1323 1992 1402 aegrotatio,
2044 1339 2115 1381 ex
2154 1324 2347 1383 totius
2392 1323 2544 1383 vale-

186 1411 421 1473 tudinis
469 1412 738 1490 corporis
791 1412 1286 1489 conquassatione
1333 1417 1395 1471 et
1438 1408 1890 1489 perturbatione
1938 1412 2291 1491 gignuntur3
2337 1413 2543 1471 vitium

183 1507 395 1562 autem
460 1502 693 1577 integra
740 1498 1076 1559 valetudine
1139 1501 1337 1578 ipsum
1402 1516 1476 1558 ex
1542 1516 1605 1558 se
1672 1501 1957 1558 cernitur.
2051 1497 2167 1558 Sed
2228 1501 2290 1559 in
2350 1502 2545 1561 animo

176 1597 419 1651 tantum
467 1587 642 1648 modo
690 1589 1046 1665 cogitatione
1095 1604 1415 1665 possumus
1453 1586 1727 1647 morbum
1776 1585 1851 1647 ab
1897 1589 2298 1665 aegrotatione
2346 1590 2546 1649 seiun-

179 1695 351 1757 gere.
429 1675 733 1737 Vitiositas
780 1684 979 1737 autem
1028 1683 1120 1736 est
1165 1674 1404 1736 habitus
1450 1683 1553 1736 aut
1599 1675 1853 1736 adfectio
1900 1677 1962 1734 in
2012 1683 2131 1736 tota
2179 1678 2294 1737 vita
2340 1678 2567 1737 incon--

256 1870 314 1920 et
367 1864 532 1919 lividi
585 1863 662 1919 ist
718 1863 1020 1919 sicherlich
1057 1862 1148 1918 ein
1185 1868 1315 1933 spii.-
1425 1864 1576 1919 denn
1612 1862 1703 1918 die
1743 1863 1969 1919 Stoiker
2011 1864 2188 1919 teilen
2232 1864 2323 1920 die
2360 1863 2545 1936 Dinge

179 1938 339 1991 teter
377 1935 607 2003 Znsatz,
647 1933 797 1989 denn
833 1936 1041 1990 lividus
1067 1933 1144 1989 ist
1171 1935 1316 1989 doch
1421 1934 1484 1988 in
1548 1936 1710 2004 gnte,
1774 1935 1910 1990 bose
1964 1935 2078 1989 und
2134 1935 2320 2005 gleich
2425 1936 2545 2007 tige

175 2023 291 2061 nur
280 2022 442 2143 ‘dan
496 2005 820 2142 poetilischer
875 2005 1171 2131 Anglii-uolt
1202 2005 1318 2130 hfflr
1424 2005 1544 2129 aiud,
1577 1977 1728 2130 gie-{i
1741 2005 1819 2129 iit
1847 2005 1947 2131 ὶέἓί
1982 2009 2298 2134 metato-iiiam
2379 2012 2544 2062 iinste

176 2080 278 2134 inv
460 2093 582 2133 aso
651 2093 952 2131 1erwom
1047 2093 1202 2131 usse
1245 2092 1318 2131 on
1423 2093 1502 2129 nn
1624 2092 1651 2130 e
1812 2093 1864 2131 e1
1924 2095 1961 2131 n
2038 2093 2178 2132 eae

176 2148 445 2204 erwfihnt
469 2146 572 2215 ist,
601 2148 679 2203 ist
706 2163 768 2202 es
794 2147 1146 2217 iiberfliissig‚
1182 2147 1321 2201 oder
1498 2145 1640 2217 Καρ.
1699 2094 1796 2202 lg.
1871 2152 1956 2203 29.
1998 2094 2220 2202 gvitium
2282 2147 2361 2202 ist
2422 2150 2544 2204 also

179 2218 396 2274 miil'ste
451 2219 794 2289 wenigstens
853 2220 1037 2274 neben
1090 2219 1321 2273 invidus
1423 2217 1808 2286 korperliches
1828 2217 2182 2287 Gebrechen‚
2210 2218 2317 2274 wie
2337 2219 2544 2274 Lahm-

177 2288 419 2362 gestellt
451 2289 704 2359 werden,
758 2288 984 2344 endlich
1019 2288 1207 2344 wurde
1245 2289 1310 2345 li·
1415 2289 1553 2344 heit.

176 2363 349 2419 vidua
376 2361 492 2416 und
520 2362 661 2416 livor
688 2378 756 2415 ιιι
778 2360 997 2417 Ciceros
1015 2361 1139 2416 Zeit
1162 2362 1312 2415 noch
1490 2360 1660 2415 totius
1692 2361 1856 2415 valet.
1886 2376 2033 2429 com.
2062 2377 2248 2431 cona,-
2282 2362 2423 2416 iiber
2450 2361 2544 2417 die

177 2432 497 2504 gai-nicht
480 2450 541 2485 ιιι
563 2432 774 2487 diesem
789 2432 960 2487 Sinne
979 2433 1309 2514 gebraucht.
1421 2431 1683 2503 Stellung
1732 2431 1834 2486 der
1886 2432 2157 2487 Genetive
2207 2433 2323 2503 vgl.
2375 2451 2442 2486 ιιι
2493 2434 2545 2487 II

2567 928 2651 991 13

246 2505 525 2575 proclive.-
582 2504 834 2558 nmlich
876 2504 1160 2571 ferantur,
1203 2503 1313 2558 wie

183 2581 285 2644 18,
343 2580 413 2629 42
470 2576 812 2644 incitataque
871 2576 1028 2629 semel
1071 2574 1314 2643 proclivi

179 2647 473 2702 labuntur.
514 2677 580 2685 -
609 2646 851 2716 proclivi
899 2645 975 2700 ist
1028 2664 1134 2699 nur
1188 2644 1314 2700 eine

174 2717 406 2843 gundffi
424 2717 594 2772 Form
628 2718 722 2771 fiir
747 2717 1019 2786 proclive,
1054 2716 1161 2771 wie
1197 2716 1315 2771 heri

242 2807 272 2842 ι·
404 2804 448 2842 c.

255 2859 338 2913 ad
390 2875 552 2913 suum
605 2860 855 2929 quodque
907 2874 1106 2928 aenas,
1168 2858 1219 2912 d.
1276 2858 1310 2912 i.

172 2930 514 3000 proclivitas
576 2932 652 2985 ad
714 2946 873 2984 auum
939 2931 1201 2998 cuiusque
1262 2945 1311 2998 9.

182 3001 379 3055 Wenn
428 3001 758 3083 angegeben
802 3000 969 3068 wird,
1021 2999 1143 3054 dass
1189 3016 1314 3055 ver-

179 3070 489 3126 schiedene
516 3071 763 3127 einzelne
783 3042 1056 3140 SubJe'ltte
1077 3071 1178 3124 auf
1191 3087 1314 3125 ver-

181 3141 494 3197 schiedene
550 3141 799 3198 einzelne
852 3142 1037 3211 Dinge
1091 3160 1160 3195 ιιι
1213 3143 1312 3197 be-

184 3213 394 3269 ziehen
430 3213 581 3281 sind,
616 3213 759 3268 wird
785 3214 1011 3283 quisque
1036 3211 1122 3267 oft
1154 3212 1316 3268 nicht

184 3283 589 3354 zum-Subjekt
624 3300 896 3354 gangen,
936 3284 1176 3339 sondern
1208 3282 1318 3340 mit

185 3370 332 3411 suus
392 3355 452 3409 in
515 3354 796 3425 gleichem
845 3355 1019 3410 Casus
1083 3356 1314 3425 gesetzt.

188 3426 323 3482 Cas
362 3427 416 3480 b.
456 3425 560 3480 civ.
602 3427 754 3493 183,
784 3426 1320 3481 2etrwr8usaliae

185 3497 420 3553 totidem
452 3498 737 3566 (cohortes)
770 3514 903 3552 auae
938 3498 1201 3566 cuiusque
1250 3497 1318 3551 le-

239 3570 252 3581 ‘
331 3569 382 3623 ia
415 3568 890 3637 subsequebanm.
966 3568 1078 3624 Cic.
1119 3567 1188 3622 de
1222 3567 1313 3622 off.

287 3644 385 3708 22,
416 3643 481 3694 78
519 3645 584 3693 ut
616 3640 689 3694 sit
727 3640 899 3695 libera
935 3644 985 3693 et
1020 3655 1133 3694 non
1169 3639 1316 3693 solli·

185 3712 314 3766 cita
348 3725 481 3765 auae
515 3711 598 3765 rei
623 3711 886 3780 cuiusque
912 3710 1181 3765 custodia.
1247 3708 1316 3763 de

192 3798 279 3837 or.
327 3781 408 3834 III
454 3786 548 3848 57,
600 3787 704 3836 216
758 3785 913 3850 (vox)
965 3782 1079 3835 cita
1130 3780 1317 3847 tarda,

193 3867 407 3922 maana
454 3869 666 3921 parva,
727 3868 867 3922 quas
928 3857 1112 3906 tamen
1171 3852 1318 3906 inter

193 3938 384 3979 onmes
418 3930 496 3978 est
529 3939 629 3980 suo
663 3940 873 3993 quoque
906 3924 971 3977 in
995 3938 1185 3994 uenere
1210 3938 1317 3976 me·

189 3994 589 4191 afflata
806 4063 1318 4191 carras

194 4152 226 4189 e
451 4153 519 4190 us
558 4154 658 4191 rnc
743 4154 870 4190 zum
1087 4153 1128 4188 ιι
1288 4152 1318 4190 e

192 4206 262 4260 in
298 4207 562 4262 auderem
598 4206 770 4262 Sinne
806 4208 1132 4278 gebraucht.

274 4276 599 4346 lapsionem,
641 4278 907 4349 Neigung
942 4295 1066 4332 zum
1102 4278 1146 4331 F
1149 4278 1316 4334 allen.

275 4348 338 4401 in
370 4350 610 4416 neutris,
654 4349 764 4403 den
801 4366 917 4420 sog.
956 4344 1319 4420 ἀδιαφόροις,

310 4445 819 4501 Hzm,cio.'ruse.u1
875 4450 916 4490 2.
942 4450 1069 4492 Hert.

1492 2575 1709 2642 inteyra
1755 2574 1913 2629 valet.
1962 2605 2029 2615 --
2077 2575 2347 2641 cernitur,
2392 2574 2547 2630 kann

1419 2645 1512 2699 fiir
1562 2644 1682 2698 sich
1736 2645 2030 2712 bestehen‚
2082 2646 2228 2700 ohne
2278 2645 2400 2700 dass
2452 2647 2544 2700 die

1423 2715 1775 2771 Gesundheit
1837 2717 1935 2770 des
1997 2716 2236 2786 iibrigen
2298 2715 2542 2786 Korpers

1422 2788 1688 2841 darunter
1723 2785 1914 2841 leidet.

1505 2857 1807 2914 Vitioaitaa.
1881 2856 1987 2911 Die
2008 2857 2234 2912 Stoiker
2258 2858 2545 2913 brauchen

1423 2928 1525 2983 das
1546 2928 1711 2983 Wort
1727 2928 1939 2983 κακία’
1922 2946 1982 2983 ιιι
2002 2928 2326 2999 doppeltem
2347 2928 2543 2984 Sinne:

1428 3003 1479 3068 1)
1517 2998 1845 3054 bezeichnet
1881 3017 1940 3055 es
1972 2997 2276 3070 allgemein
2301 3000 2412 3054 den
2441 3001 2545 3054 Zu-

1424 3070 1593 3125 stand
1630 3070 1730 3125 der
1757 3070 1943 3138 Seele‚
1982 3071 2227 3126 welcher
2260 3070 2360 3125 der
2393 3074 2545 3127 sani·

1420 3147 1510 3197 tas
1537 3143 2000 3213 entgegensteht·
2030 3144 2086 3211 2)
2104 3141 2320 3196 heifsen
2346 3145 2545 3197 κακίαι

1422 3212 1516 3268 die
1572 3214 1681 3268 den
1726 3212 2017 3268 einzelnen
2063 3212 2370 3281 Tugenden
2422 3216 2545 3269 ent-

1464 3284 1918 3354 egenstehenden
1962 3283 2400 3370 Eigenschasten
2447 3276 2546 3338 der

1466 3356 1602 3411 eele.
1676 3353 1840 3426 Diog.
1886 3354 1991 3408 VII
2039 3360 2109 3409 95
2160 3349 2421 3416 ὡςαύτως
2476 3352 2542 3410 δὲ

1426 3424 1525 3480 καὶ
1560 3426 1674 3480 τῶν
1710 3426 1926 3480 κακιῶν
1954 3421 2019 3479 τὸ
2030 3422 2156 3513 μεν
2188 3421 2335 3478 εἶναι
2365 3420 2544 3514 ἄφρο-

1428 3494 1630 3565 σύνην,
1696 3498 1942 3564 δειλίαν,
2011 3492 2247 3551 ἀδικίαν
2310 3495 2410 3549 καὶ
2474 3494 2542 3551 τὰ

1421 3563 1801 3636 παραπλήσια.
1878 3568 1944 3622 In
1997 3566 2097 3622 der
2151 3566 2388 3621 zweiten
2441 3569 2544 3623 Be-

1423 3638 1673 3708 dentung
1708 3638 1871 3692 hatte
1912 3636 2023 3693 Cic.
2062 3637 2156 3693 die
2190 3639 2333 3693 vitia
2369 3641 2549 3695 animi

1423 3709 1534 3764 den
1589 3708 1918 3764 Gebrechen
1971 3709 2068 3764 des
2123 3709 2369 3780 Korpers
2426 3713 2545 3766 ent·

1424 3781 1794 3849 gegensetzen
1830 3780 2034 3849 sollen3
2092 3797 2152 3835 er
2194 3781 2399 3835 nimmt
2443 3782 2545 3835 das

1423 3850 1591 3905 Wort
1626 3851 1762 3905 aber
1796 3849 1922 3906 hier
1961 3851 2021 3906 in
2067 3853 2167 3906 der
2211 3854 2396 3907 ersten
2440 3853 2546 3906 Be·

1425 3922 1692 3990 denhmg,
1730 3921 1845 3976 und
1881 3922 2062 3992 infolg
2064 3922 2297 3978 edessen
2332 3921 2550 3978 erklart
2637 3950 2659 3973 .

1426 4008 1487 4046 er
1521 3993 1740 4048 morbus
1774 3993 1893 4047 und
1928 3995 2229 4064 aegrotatio
2263 3993 2352 4048 fiir
2387 3994 2547 4051 Teile

1426 4063 1527 4119 der
1578 4064 1880 4132 vitiositas,
1944 4064 2211 4120 wahrend
2274 4080 2335 4119 er
2399 4067 2549 4121 oben

1424 4135 1671 4204 morbus,
1718 4137 2020 4205 acyrotatio
2055 4135 2172 4189 und
2217 4136 2415 4192 vitium
2461 4138 2547 4192 als

1426 4206 1548 4260 drei
1594 4207 1904 4261 besondere
1940 4206 2401 4277 Eigenschaften
2421 4208 2546 4263 auf-

1427 4276 1657 4347 gezahlt
1690 4278 1805 4332 hat.
1877 4276 2007 4347 Vg.1
2047 4283 2135 4348 37,
2173 4284 2261 4333 81.

1498 4348 1721 4404 habitus
1756 4353 1855 4403 aut
1891 4349 2152 4416 adfectio,
2189 4349 2242 4405 d.
2279 4348 2315 4403 i.
2356 4347 2472 4415 ἕξις
2507 4344 2543 4418 ἢ

2087 4443 2119 4492 5
