2902 4649
656 148 1258 206 TUSCULANARUM
1293 149 1906 207 DISPUTATIONUM
1942 152 1983 207 I.
2022 159 2178 208 4-7,
2553 153 2591 217 7

218 319 609 398 Latinarum3
657 336 808 397 quae
846 317 1195 379 illustranda
1238 325 1298 378 et
1335 317 1645 379 excitanda
1693 318 1876 380 nobis
1910 328 2030 400 est,
2078 328 2169 402 ut,
2214 322 2268 381 si
2314 323 2592 401 occupati

225 407 569 488 profuimus
624 406 847 486 aliquid
904 407 1134 468 civibus
1189 408 1438 487 nostris,
1502 409 1804 486 prosimus
1861 410 2070 489 etiam,
2135 411 2189 469 si
2251 427 2589 491 possumus,

218 498 427 557 otiosi.
522 495 586 555 ln
633 514 753 576 quo
801 514 871 556 eo
919 497 1106 575 magis
1144 494 1325 556 nobis
1372 504 1465 556 est
1520 494 1971 577 elaborandum,
2029 496 2186 576 quod
2246 498 2416 560 multi
2473 500 2646 563 iamo

231 603 369 646 esse
415 583 556 645 libri
591 584 785 646 Latini
828 585 1114 646 dicuntur
1151 585 1361 664 scripti
1405 584 1845 646 inconsiderate
1893 586 1965 647 ab
2011 588 2254 666 optimis
2297 587 2414 647 illis
2460 589 2588 666 qui·

218 673 368 735 dem
407 674 576 753 viriS,
614 673 720 734 sed
759 691 879 734 nou
917 676 1062 735 satis
1100 673 1367 734 eruditis.
1442 673 1604 734 Fieri
1641 681 1842 735 autem
1879 683 2105 757 potest,
2143 682 2212 736 ut
2250 685 2412 737 recte
2454 678 2589 754 quis

228 764 450 824 sentiat
498 770 558 822 et
603 762 689 842 id,
747 762 906 841 quod
953 764 1162 842 sentit,
1217 762 1400 842 polite
1446 762 1647 841 eloqui
1701 781 1822 824 non
1876 767 2092 844 possit3
2148 764 2254 825 sed
2309 764 2589 826 mandare

220 869 590 930 quemquam
645 850 862 912 litteris
919 854 1310 930 cogitationes
1366 869 1505 912 suas
1515 896 1533 930 ‚
1600 854 1704 930 qui
1773 870 1871 913 eas
1937 871 2047 914 nec
2103 852 2420 933 disponere
2479 872 2589 914 nec

220 939 530 1002 illustrare
576 941 766 1019 possit
813 959 925 1001 nec
973 940 1363 1001 delectatione
1411 939 1606 1019 aliqua
1653 940 1910 1002 adlicere
1958 941 2272 1022 lectorem,
2327 941 2586 1002 hominis

225 1038 324 1089 est
368 1032 838 1109 intemperanter
883 1028 1185 1090 abutentis
1241 1036 1303 1090 et
1357 1032 1481 1089 otio
1529 1036 1589 1089 et
1635 1029 1869 1091 litteris.
1960 1029 2167 1109 ltaque
2214 1048 2356 1092 suos
2403 1030 2587 1091 libros

222 1120 349 1197 ipsi
392 1117 601 1196 legunt
646 1136 783 1178 cum
831 1120 985 1200 suh,
1032 1137 1145 1179 nec
1192 1120 1506 1197 quisquam
1553 1120 1791 1198 attingit
1835 1127 2076 1198 praeter
2122 1137 2253 1200 eos,
2300 1122 2403 1198 qui
2450 1138 2586 1181 ean-

224 1206 368 1267 dem
434 1206 734 1268 licentiam
794 1206 1096 1268 scrihendi
1160 1206 1276 1268 sibi
1343 1209 1611 1286 permitti
1670 1206 1892 1269 volunt.
1986 1207 2182 1280 Quare
2248 1210 2299 1269 si
2364 1208 2587 1287 aliquid

226 1298 524 1356 oratoriae
570 1294 762 1356 laudis
810 1303 1014 1356 nostra
1060 1295 1368 1357 attulimus
1414 1295 1734 1377 industria,
1787 1296 1972 1358 multo
2021 1296 2350 1358 studiosius
2396 1296 2585 1376 philo·

225 1383 474 1463 sophiae
523 1386 718 1445 fontes
765 1387 1128 1465 aperiemuS,
1177 1402 1209 1444 e
1258 1383 1478 1463 quibus
1525 1386 1705 1445 etiam
1750 1385 1848 1445 illa
1894 1385 2226 1446 manabant.

409 1471 526 1533 Sed
576 1480 642 1534 ut
686 1472 1064 1554 AristoteleS,
1124 1475 1211 1532 vir
1257 1491 1492 1534 summo
1539 1475 1808 1555 ingenio,
1865 1476 2139 1555 scientia,
2194 1476 2390 1556 copia,
2448 1452 2650 1579 cum}

225 1568 428 1621 motus
486 1568 646 1622 esset
700 1560 979 1623 Isocratis
1035 1561 1293 1622 rhetoris
1348 1562 1561 1641 gloria,
1617 1562 1819 1635 dicere
1876 1566 2101 1624 docere
2155 1566 2334 1624 etiam
2389 1566 2587 1642 coepit
2629 1640 2635 1649 ἡ

222 1649 640 1711 adulescentes
680 1658 739 1711 et
776 1650 1155 1729 prudentiam
1194 1667 1330 1711 cum
1369 1650 1709 1729 eloquentia
1745 1653 2021 1731 iungere,
2059 1654 2146 1712 sic
2183 1651 2357 1712 nobis
2392 1651 2588 1731 placet
2633 1668 2636 1671 ·

221 1756 340 1798 nec
386 1741 707 1817 pristinum
745 1739 983 1800 dicendi
1031 1739 1295 1799 studium
1343 1738 1644 1818 deponere
1691 1747 1752 1799 et
1797 1743 1859 1800 in
1907 1740 2017 1800 hac
2064 1742 2284 1801 maiore
2333 1748 2395 1801 et
2441 1740 2585 1801 ube-

218 1828 385 1887 riore
434 1835 562 1888 arte
604 1830 856 1889 versarii
902 1828 1054 1888 hanc
1102 1830 1264 1888 enim
1307 1828 1637 1907 perfectam
1675 1828 2109 1908 philosophiam
2148 1827 2386 1909 semper
2432 1828 2583 1890 iudi·

218 2052 447 2107 dicendi
501 2051 895 2122 Glanzpunkte
951 2052 1051 2106 der
1099 2051 1350 2107 Dat-stel-

218 2122 379 2191 iung.
452 2140 506 2190 p.
536 2123 703 2178 Arch.
735 2129 795 2192 6,
828 2129 894 2177 14
937 2140 1079 2193 quae
1113 2124 1352 2178 iacerent

218 2194 291 2248 in
335 2194 566 2248 tenebris
610 2195 824 2261 omnia,
873 2195 988 2249 nisi
1041 2195 1351 2250 litterarum

216 2265 407 2320 lumen
442 2266 725 2320 accederet.

300 2342 348 2391 6.
388 2338 608 2406 optimis
653 2338 769 2393 illis
812 2339 1056 2406 quidem:
1100 2336 1353 2408 gemeint

224 2407 353 2461 sind
378 2408 715 2476 Amafinius,
751 2407 1040 2473 Rabirius,
1082 2406 1275 2462 Catius
1305 2425 1346 2463 s.

221 2477 372 2534 Einl.
401 2484 431 2544 ἓ
471 2484 518 2533 ’1.
588 2480 706 2534 Ille
742 2478 900 2533 dient
933 2479 1058 2533 hier
1103 2496 1209 2532 nur
1253 2497 1350 2533 zur

222 2549 669 2619 Hervorhebung
686 2550 784 2604 des
805 2548 1211 2619 Gegensatzes,
1240 2548 1348 2604 wie

222 2637 327 2676 vor
362 2620 491 2676 dem
536 2621 629 2675 ein
675 2621 1083 2691 Zugesffindnis
1129 2619 1347 2675 einfiih-

216 2691 433 2747 renden
476 2694 722 2761 quidem,
776 2708 938 2746 wenn
984 2692 1085 2746 der
1129 2690 1211 2746 Ge
1254 2706 1346 2745 en-

218 2762 345 2817 satz
378 2763 654 2817 zwischen
678 2763 1007 2817 Attributen
1043 2762 1178 2817 oder
1261 2767 1349 2817 ra-

215 2829 456 2888 dikaten
480 2834 820 2902 stattfindeiz,
857 2833 1059 2887 immet
1095 2832 1185 2888 ein
1214 2832 1346 2889 Pro-

215 2920 427 2969 nqmen
460 2905 874 2974 eingeschoben
910 2904 1069 2960 wird.

296 2981 346 3029 et
381 3005 451 3016 —
487 2992 599 3031 non
632 2977 835 3045 possit,
885 2975 1024 3029 ‘und
1068 2975 1345 3031 trotzdem

214 3044 383 3101 nicht
406 3046 601 3101 kann?.
665 3047 718 3103 S.
749 3047 898 3113 Ios,
929 3053 997 3101 92
1027 3052 1078 3102 et
1106 3047 1345 3103 dubitas.

292 3119 558 3173 nmndare
591 3134 924 3187 quemquam.
999 3119 1111 3173 Der
1147 3120 1343 3173 Aecus.

211 3205 268 3244 c.
306 3188 405 3244 inf.
452 3189 545 3244 bei
596 3205 707 3245 ease
763 3190 869 3244 mit
924 3190 1051 3243 dem
1107 3189 1347 3245 Genetiv

214 3260 299 3315 ist
345 3260 545 3315 selten.
620 3261 690 3315 de
727 3260 820 3315 fin.
857 3260 938 3315 III
977 3267 1034 3328 3,
1079 3265 1144 3314 10
1191 3265 1347 3314 tuum

211 3331 393 3399 fuerit
420 3362 488 3371 --
515 3347 661 3386 nova
697 3337 747 3386 te
781 3333 943 3387 rebus
978 3333 1209 3387 nomina
1242 3332 1345 3386 im·

257 3418 434 3458 onere.

208 3419 256 3473 P
293 3490 464 3543 quare
498 3474 666 3529 leitet'.
699 3473 822 3529 hier
837 3473 965 3558 ’den
988 3472 1213 3557 Schlufs
1250 3474 1350 3529 der

207 3543 1347 3686 ffi²ffizaffi33¹⁰assfflai²sa

214 3686 363 3741 wird
422 3687 775 3741 namentlich
837 3688 1030 3758 hitufig
1087 3687 1348 3757 quocirca

208 3756 550 3827 gebi-sucht.

290 3830 395 3884 illa
430 3830 533 3884 auf
564 3829 780 3898 aliquid
818 3829 1082 3900 bezogen.
1157 3827 1212 3882 S.
1253 3833 1284 3895 9
1312 3836 1346 3884 4

202 3900 504 3956 discebam
548 3901 623 3956 id.
666 3930 733 3940 -
771 3886 923 3955 Uber
968 3900 1120 3956 seine
1164 3899 1347 3970 philo-

207 3970 557 4040 sophisehen
631 3970 890 4038 Studien,
964 3970 1178 4027 welche
1251 3971 1343 4025 die

213 4041 544 4112 Grundlage
581 4042 680 4096 der
715 4041 1108 4097 reduerisohen
1136 4041 1343 4110 bilden‚

208 4112 437 4181 spricht.
483 4113 597 4168 Cio.
650 4113 999 4168 ausffihrlich
1055 4114 1208 4168 Brut.
1257 4119 1344 4179 90,

209 4189 341 4238 309.
418 4190 512 4253 91,
556 4189 687 4253 315,
751 4183 867 4254 vgl.
915 4184 985 4238 de
1030 4185 1181 4240 deor.
1228 4188 1343 4239 nat.

206 4253 241 4307 1
284 4260 343 4320 3,
383 4263 431 4311 6.
507 4255 639 4311 Tac.
678 4254 812 4310 dial.
851 4272 898 4309 c.
937 4263 1022 4312 32.
1084 4313 1103 4327 ,

290 4325 431 4396 Kap.
469 4325 530 4383 4.
585 4332 633 4384 7.
671 4326 945 4382 Isocrates
966 4344 1081 4382 war
1098 4328 1346 4398 geboren

1459 2058 1591 2120 436,
1630 2054 1773 2107 nach
1811 2053 1912 2107 der
1947 2051 2219 2108 Schlacht
2253 2051 2347 2107 bei
2375 2051 2584 2108 Charo-

1459 2138 1566 2177 nea
1594 2128 1698 2178 338
1723 2125 1901 2178 totehe
1930 2141 1989 2178 er
2018 2125 2139 2180 sich
2166 2124 2358 2178 selbst.
2395 2122 2582 2177 Nach-

1460 2195 1590 2247 dem
1626 2192 1959 2248 Aristoteles
1994 2195 2142 2265 (geb.
2164 2196 2293 2262 384)
2323 2200 2392 2248 20
2411 2194 2582 2250 Jahre

1461 2264 1740 2320 hindurch
1794 2264 1988 2321 Plakos
2040 2265 2274 2320 Schfiler
2323 2282 2582 2336 gewesen

1461 2353 1601 2404 wat,
1646 2336 1866 2392 verliel's
1905 2355 1966 2391 er
1992 2343 2097 2394 348
2128 2338 2341 2404 Athen,
2378 2338 2579 2393 kehrte

1458 2412 1575 2463 erst
1611 2414 1715 2463 335
1752 2407 1981 2464 dorthin
2017 2408 2224 2464 zuriick
2260 2409 2375 2464 und
2413 2414 2581 2477 griin-

1459 2479 1589 2534 dete
1671 2478 1762 2534 die
1842 2480 2281 2551 peripatetische
2356 2478 2579 2534 Schule.

1457 2550 1622 2604 Seine
1676 2549 2006 2619 Opposition
2061 2568 2243 2623 gegen
2296 2550 2581 2607 Isokrates

1454 2619 1668 2675 konnte
1706 2621 1824 2676 also
1861 2640 1967 2676 nur
2001 2622 2063 2676 in
2100 2622 2191 2677 die
2227 2622 2349 2677 Zeit
2399 2622 2580 2676 seines

1456 2693 1640 2746 ersten
1666 2691 2058 2748 Aufenthaltes
2094 2693 2286 2749 fallen.
2358 2693 2435 2747 Er
2472 2692 2580 2747 soll

1455 2762 1565 2816 den
1617 2760 1759 2817 Vers
1824 2763 1921 2818 des
1985 2763 2279 2833 Euripides
2345 2758 2580 2851 αἰσχρὸν

1440 2833 1700 2904 σιωπᾶν,
1758 2829 2079 2907 βαρβάρους
2134 2829 2193 2889 δ’
2245 2830 2348 2888 ἐᾶν
2393 2838 2580 2901 λεγειν

1455 2903 1559 2960 auf
1573 2903 1746 2974 jenen
1773 2905 2112 2976 angewandt
2143 2905 2327 2960 haben
2389 2904 2582 2960 indem

1456 2992 1517 3031 er
1561 2978 1702 3031 stati}
1745 2971 2066 3048 βαρβάρους
2110 2978 2287 3031 setzte
2336 2946 2582 3043 3Ισοκριιὶ-

1454 3066 1574 3116 την.
1650 3045 2138 3102 Wahrscheinlich
2184 3047 2262 3102 ist
2306 3048 2443 3102 aber
2488 3046 2580 3101 die

1456 3134 1633 3187 ganzo
1684 3117 2008 3188 Ermablung
2061 3135 2172 3174 von
2227 3117 2326 3173 der
2381 3117 2581 3173 Feind-

1457 3189 1643 3271 echa-ft
1714 3189 1813 3244 des
1876 3189 2232 3273 Aristoteles·
2282 3189 2578 3273 erfundem

1455 3259 1947 3400 {tuffam}
1980 3260 2276 3386 3ξὲᾝέ
2289 3259 2582 3386 Dffiassffi

1456 3403 1572 3457 und
1607 3401 2289 3469 Rhetorik.behandelte,
2340 3402 2583 3457 sondern

1455 3473 1515 3527 in
1573 3473 1702 3527 dem
1756 3489 1976 3554 ganzen
2030 3472 2345 3528 Chai-ahter
2400 3473 2584 3527 seiner

1455 3544 1837 3614 Philosoplue.

1518 3616 1880 3683 prudentiam
1914 3614 2041 3669 hier
2068 3639 2137 3661 ει
2157 3616 2579 3684 philosophiam.

1455 3685 1625 3740 Meist
1676 3686 1832 3741 steht
1884 3687 2196 3754 prudentia
2250 3703 2362 3742 von
2414 3685 2581 3756 prak-

1454 3757 1601 3812 tisch
1650 3756 1772 3812 sich
1820 3757 2256 3827 bethatigender
2305 3756 2441 3813 oder
2486 3756 2590 3810 auf

1432 3826 1812 3898 praktischer
1863 3828 2184 3898 Erfahrung
2231 3826 2585 3882 beruhender

1456 3898 1892 3968 wissenschaft,
1930 3918 1974 3953 z.
2006 3900 2065 3955 B.
2096 3900 2405 3968 prudmtia
2438 3899 2583 3953 iuris

1455 3970 1663 4037 civilis,
1703 3970 1838 4025 aber
1865 3970 2041 4039 vergl.
2071 3970 2141 4024 de
2169 3969 2262 4025 off.
2295 3970 2320 4023 I
2348 3976 2445 4038 42,
2479 3975 2579 4024 151

1451 4042 1516 4095 in
1551 4042 1753 4111 quibus
1788 4047 1969 4097 autem
2013 4042 2229 4097 artibus
2273 4047 2375 4096 aut
2415 4058 2581 4110 pru-

1453 4113 1687 4168 dentia
1748 4116 1927 4169 maior
1991 4115 2134 4167 inest
2198 4112 2271 4180 (d.
2327 4112 2366 4166 i.
2425 4113 2583 4167 mehr

1451 4183 1883 4254 Wissemchaft)
1955 4190 2054 4239 aut
2116 4199 2233 4239 non
2294 4185 2583 4239 mediocris

1450 4256 1684 4311 utilitas.

1524 4327 1668 4381 hanc
1702 4328 1846 4382 em'm
1873 4328 2018 4396 perf.
2060 4345 2102 4382 s.
2143 4325 2288 4383 Einl.
2327 4330 2358 4392 ὃ
2396 4331 2444 4381 7.
