2902 4649
405 154 488 217 10
1025 235 1031 241 .
1192 153 1268 208 M.
1308 151 1555 207 TULLII
1594 150 1977 209 omnnoms

401 323 484 381 M.
532 320 658 381 Iam
710 321 943 382 mallem
991 319 1319 381 Cerberum
1378 327 1679 382 metueres
1736 337 1915 412 quam
1972 320 2085 380 ista
2141 326 2260 379 tam
2316 316 2755 379 inconsiderate

307 422 376 470 12
398 410 648 471 diceres,
739 412 809 471 A.
867 408 1020 479 Quid
1088 405 1370 470 tandem?
1462 408 1547 468 M.
1608 407 1800 479 Quem
1854 426 1986 468 esse
2043 426 2254 487 negaS,
2308 406 2563 468 eundem
2621 424 2756 476 esse

397 499 573 580 dicis;
619 498 723 560 ubi
770 506 861 559 est
905 516 1156 559 acumen
1194 494 1409 558 tuum?
1486 496 1635 558 Cum
1681 499 1841 558 enim
1886 499 2172 558 miserum
2221 512 2353 557 esse
2400 495 2578 575 dieis,
2627 503 2757 556 tum

395 607 559 667 eum,
621 590 724 666 qui
784 607 903 647 non
965 589 1067 667 sit,
1127 587 1276 647 dicis
1337 604 1488 647 esse.
1584 588 1653 645 A.
1700 585 1832 647 Non
1880 596 2012 646 sum
2057 587 2138 646 ita
2196 584 2407 664 hebes,
2467 593 2533 644 ut
2593 583 2755 644 istud

395 677 604 737 dicam.
659 678 744 737 M.
784 675 939 746 Quid
977 677 1127 737 dic-is
1162 671 1389 754 igitur?
1447 678 1515 736 A.
1553 675 1842 736 Miserum
1879 692 2011 735 esse
2049 650 2216 753 {erbi
2254 691 2432 734 causa
2469 673 2543 733 M.
2582 672 2757 734 Cras-

394 783 554 869 sum,
612 768 711 844 qui
768 764 898 825 illas
953 765 1222 826 fortunas
1280 773 1470 824 morte
1519 765 1836 845 dimiserit,
1892 765 2180 825 miserum
2226 762 2329 824 Cn.
2376 761 2748 843 Pompeium,

394 857 497 933 qui
545 861 706 915 tanta
750 854 937 933 gloria
983 855 1062 913 sit
1108 853 1378 933 orbatuS,
1428 872 1636 913 omnes
1683 852 1941 932 denique
1987 855 2265 932 miseroS,
2311 852 2416 930 qui
2461 850 2570 911 hac
2616 850 2753 911 luce

393 951 651 1004 careant.
746 944 830 1003 M.
877 941 1218 1002 Revolveris
1265 941 1502 1022 eodem3
1550 944 1670 1002 sint
1716 934 1875 1001 enim
1923 949 2183 1021 oportet,
2235 942 2287 1001 si
2336 942 2537 1000 miseri
2583 947 2755 1002 sunt:

390 1040 457 1092 tu
515 1039 713 1092 autem
771 1032 942 1092 modo
1002 1029 1256 1108 negabas
1316 1048 1417 1090 eos
1475 1049 1633 1109 esse,
1690 1032 1794 1109 qui
1851 1032 2071 1090 mortui
2131 1037 2347 1090 essent.
2443 1028 2507 1088 Si
2565 1030 2754 1107 igitur

390 1138 511 1180 non
559 1128 726 1201 sunt,
773 1118 922 1179 nihil
968 1127 1220 1199 possunt
1265 1137 1423 1180 esse:
1471 1122 1552 1180 ita
1599 1137 1673 1179 ne
1722 1121 1926 1180 miseri
1962 1118 2204 1196 quidem
2252 1125 2409 1178 sunt.
2501 1119 2570 1177 A.
2619 1116 2753 1179 Non

391 1209 522 1268 dico
571 1209 822 1269 fortasse
870 1210 1047 1269 etiam
1094 1206 1253 1287 quod
1302 1209 1521 1288 senti03
1582 1225 1718 1267 nam
1763 1210 1919 1268 istuc
1966 1209 2162 1285 ipsum
2218 1225 2336 1267 non
2395 1224 2555 1287 esse,
2612 1224 2754 1267 cum

298 1309 368 1357 13
391 1297 604 1378 fueriS,
650 1299 1052 1358 miserrimum
1097 1305 1260 1399 puto.
1356 1297 1440 1356 M.
1489 1292 1688 1367 Quid?
1736 1298 2013 1356 miserius
2060 1313 2240 1375 quam
2285 1296 2526 1355 omnino
2577 1313 2750 1356 num-

389 1405 565 1464 quam
612 1383 840 1447 fuisse?
886 1388 964 1445 ita
1014 1388 1117 1464 qui
1164 1385 1428 1445 nondum
1463 1387 1599 1445 nati
1644 1393 1785 1445 sunt
1821 1386 2026 1445 miseri
2072 1386 2189 1445 iam
2227 1393 2394 1465 sunt,
2441 1386 2579 1463 quia
2626 1403 2751 1445 non

387 1484 553 1556 sunt,
601 1483 661 1535 et
706 1493 843 1555 noS,
900 1476 951 1533 si
997 1483 1132 1553 post
1177 1481 1432 1534 mortem
1480 1475 1684 1533 miseri
1730 1474 1920 1534 futuri
1967 1492 2202 1553 sumuS,
2261 1474 2465 1535 miseri
2523 1473 2747 1534 fuimus

386 1572 522 1622 ante
583 1581 761 1642 quam
824 1565 962 1623 nati.
1054 1561 1204 1642 Ego
1246 1569 1444 1622 autem
1512 1580 1631 1622 non
1695 1564 2100 1643 commemini,
2165 1569 2300 1622 ante
2369 1580 2545 1640 quam
2610 1580 2749 1622 sum

386 1659 588 1732 uatuS,
635 1669 750 1712 me·
778 1653 1091 1712 miserum.
1138 1659 1204 1712 tu
1251 1652 1302 1711 si
1351 1644 1594 1712 meliore
1636 1653 1916 1754 memoria
1965 1670 2055 1732 es,
2105 1650 2278 1710 velim
2326 1652 2479 1711 scire
2528 1650 2748 1730 ecquid

387 1740 458 1800 de
508 1747 565 1800 te
613 1739 947 1801 recordere.

316 1825 361 1889 ‘7
563 1831 632 1889 A.
699 1828 785 1890 Ita
840 1831 1085 1909 iocaiiS,
1152 1832 1321 1908 quasi
1379 1847 1488 1907 ego
1546 1829 1737 1889 dicam
1794 1847 1896 1889 eos
1954 1831 2230 1909 miseros,
2287 1830 2391 1907 qui
2446 1829 2569 1888 nati
2624 1846 2750 1888 non

384 1921 531 1999 sint,
581 1926 642 1979 et
678 1937 796 1978 non
836 1936 939 1978 eos
976 1920 1256 1999 miseroS,
1295 1921 1397 1997 qui
1436 1919 1657 1979 mortui
1696 1925 1851 1978 sunt.
1937 1918 2021 1977 M.
2062 1916 2209 1978 Esse
2249 1935 2390 1996 ergo
2430 1935 2533 1977 eos
2571 1915 2744 1977 dicis.

383 2010 452 2067 A.
500 2004 713 2086 Immo,
770 2010 906 2086 quia
955 2025 1073 2068 non
1122 2008 1267 2087 sint,
1328 2025 1465 2067 cum
1514 2007 1762 2087 fuerint,
1818 2024 1889 2066 eo
1948 2008 2196 2066 miseros
2252 2024 2401 2066 esse.
2492 2004 2579 2065 M.
2626 2004 2746 2067 Pu-

378 2099 620 2174 gnantia
686 2104 743 2157 te
800 2096 965 2174 loqui
1020 2114 1140 2156 non
1196 2091 1402 2156 vides?
1496 2094 1650 2167 Quid
1708 2097 1867 2155 enim
1921 2102 2048 2155 tam
2110 2102 2334 2174 pugnat
2387 2112 2565 2173 quam
2619 2112 2747 2156 non

380 2184 557 2244 modo
605 2187 918 2264 miserum,
985 2183 1088 2244 sed
1152 2186 1393 2244 omnino
1450 2186 1770 2262 quicquam
1826 2201 1957 2261 esse
2014 2186 2117 2262 qui
2173 2202 2302 2247 cnon
2358 2180 2478 2243 sit?
2543 2192 2644 2243 an·
2674 2191 2747 2245 tu

380 2291 661 2353 egressus
707 2281 879 2353 porta
926 2273 1186 2353 Capena,
1234 2291 1371 2333 cum
1419 2272 1695 2354 Calatini,
1743 2272 2118 2354 Scipionum,
2166 2271 2571 2353 Serviliorum,
2619 2272 2745 2334 Me-

457 2486 539 2536 12.
583 2478 732 2549 Quid
759 2479 1018 2535 tandem?
1056 2480 1385 2535 bezeichnet
1414 2478 1506 2534 die

379 2550 841 2622 Verwunderung
860 2552 956 2605 des
973 2552 1040 2605 A.
1053 2594 1067 2619 ,
1097 2549 1220 2605 dass
1248 2567 1309 2605 er
1329 2552 1507 2605 etwas

379 2621 718 2692 Unsinniges
753 2624 955 2692 gesagb
990 2622 1163 2691 habe,
1215 2638 1327 2677 von
1376 2621 1506 2675 dem
1539 2633 1546 2638 ⁴

378 2711 439 2748 er
476 2692 624 2748 doch
661 2692 820 2748 nicht
857 2692 1038 2760 weiss,
1076 2710 1192 2747 was
1230 2708 1289 2747 es
1325 2692 1416 2747 ist.

448 2769 565 2818 tum
601 2780 739 2819 cum.
813 2770 930 2818 tum
964 2764 1123 2819 dient
1149 2764 1258 2818 den
1286 2764 1504 2834 Gegen-

379 2838 498 2889 satz
536 2853 605 2889 zu
638 2835 1021 2894 verschatfen.
1070 2834 1284 2889 ‘indem
1319 2834 1398 2888 du
1433 2864 1503 2873 -—

378 2908 536 2974 sagei:
599 2906 675 2959 du
738 2906 1039 2975 zugleieh'.
1114 2905 1269 2959 Verr.
1333 2905 1360 2957 I
1415 2909 1504 2972 25,

378 2982 444 3031 65
483 2992 562 3041 se,
600 2992 723 3030 eum
747 2993 882 3031 suae
912 2982 1101 3045 partes
1125 2980 1298 3030 essent
1322 2976 1506 3044 hospi·

259 3040 267 3048 ’
376 3052 492 3101 tum
538 3048 1008 3115 accipiendorum,
1063 3052 1180 3101 tum
1223 3048 1373 3115 ipsos
1419 3052 1501 3101 ta-

376 3134 498 3171 men
525 3123 809 3185 praetores
836 3123 886 3172 et
913 3119 1184 3183 consule&
1215 3134 1329 3172 non
1356 3118 1500 3187 ἱερα-

374 3194 556 3243 torum
583 3190 815 3244 asseclas
839 3190 1075 3257 recipere
1101 3190 1282 3243 solere.
1349 3190 1501 3243 Aber

374 3258 682 3329 allerdings
744 3258 879 3314 leret
957 3259 1077 3314 sich
1141 3259 1312 3313 kaum
1375 3259 1499 3314 eine

376 3330 552 3385 Stelle
590 3330 801 3399 finden,
842 3347 928 3386 wo
965 3335 1083 3384 tum
1119 3330 1298 3398 steht,
1336 3346 1502 3385 wenn

376 3402 483 3455 wie
518 3401 642 3456 hier
686 3419 788 3457 aus
835 3402 965 3456 dem
1002 3402 1352 3471 Hauptsatze
1398 3402 1500 3456 das

374 3469 512 3541 Subj
517 3473 617 3527 ekt
679 3490 806 3527 zum
858 3471 1210 3528 Nebensatze
1268 3474 1502 3541 erganzt

372 3542 599 3596 werden
633 3543 797 3597 muse.

448 3613 534 3667 Μ.
572 3613 832 3669 Licinius
870 3614 1100 3669 Crassus
1131 3615 1303 3669 Dives
1338 3614 1498 3682 wird‚

374 3684 454 3738 da
512 3684 635 3739 sein
688 3683 990 3739 Reichtum
1045 3684 1499 3754 spriehwortlieh

374 3772 515 3823 war,
554 3772 665 3809 von
695 3754 805 3812 Cic.
844 3755 989 3810 &fter
1015 3754 1101 3809 als
1133 3756 1375 3826 Beispiel
1402 3772 1499 3826 ge-

372 3797 637 3893 brnnsefflz,
677 3842 738 3881 so
775 3826 971 3880 Pal-ad.
1015 3825 1105 3881 VI.

443 3899 520 3951 sit
553 3898 807 3965 orbatus,
844 3897 897 3952 d.
928 3897 981 3951 h.
1022 3897 1123 3951 der
1148 3912 1260 3951 von
1289 3896 1499 3951 seinem

372 3969 587 4035 Ruhm‚
629 3968 727 4023 der
762 3938 884 4022 ibm
919 3970 1065 4022 trotz
1102 3968 1201 4022 der
1229 3967 1499 4023 Sehlacht

372 4039 464 4094 bei
492 4038 791 4093 Pharsalus
819 4038 1118 4109 geblieben
1147 4054 1288 4108 war,
1312 4039 1498 4093 niehts

369 4110 692 4179 empfindet.
950 4149 959 4158 -

445 4182 608 4235 etiam
651 4179 728 4234 ist
776 4181 883 4236 mil:
917 4197 1032 4236 ‘non
1068 4200 1137 4236 zu
1172 4180 1500 4249 verbinden,

374 4252 547 4308 ‘noch
610 4251 810 4307 immet
867 4253 1068 4309 nicht’.
1144 4252 1269 4310 Ter.
1327 4253 1497 4307 Andr.

368 4322 451 4379 111
493 4329 584 4393 12,
634 4328 702 4378 23
747 4340 862 4379 ‘non
913 4326 1053 4380 satis
1115 4341 1196 4380 me
1248 4325 1502 4394 pernosti

1614 2481 1778 2534 etiam
1840 2479 2021 2547 qualis
2080 2478 2201 2531 sim.
2277 2476 2389 2534 Cic.
2442 2478 2598 2532 Verr.
2657 2480 2744 2534 ΙΙΙ

1614 2554 1854 2620 84‚1,24
1889 2549 2099 2603 nemini
2136 2548 2243 2618 leqe
2274 2564 2607 2616 concessum,
2646 2552 2748 2605 sed

1611 2622 1843 2687 fortasse
1879 2620 2060 2674 adhuc
2095 2620 2158 2673 in
2202 2619 2356 2674 nullo
2402 2620 2568 2674 etiam
2611 2622 2746 2675 vin-

1581 2729 1588 2736 ·
1612 2693 1874 2746 dicatum.

1689 2769 1771 2817 13.
1813 2760 2001 2833 Quid?
2030 2763 2285 2817 miserius
2313 2764 2417 2816 cet.
2482 2760 2591 2816 Ein
2620 2763 2746 2817 bei-

1612 2833 1851 2904 laufiger
1868 2833 2144 2899 Einwurf,
2176 2833 2276 2886 der
2301 2850 2407 2887 nur
2434 2832 2747 2902 angefflhrt

1612 2905 1777 2971 wird,
1842 2922 1937 2958 um
2001 2904 2100 2958 das
2162 2902 2571 2972 Widersinnige
2637 2905 2746 2959 der

1613 2976 1849 3030 Ansieht
1886 2970 1981 3029 de‘s
2018 2974 2269 3044 Gegners
2315 2974 2475 3029 mehr
2507 2974 2744 3031 hervor-

1610 3046 1797 3101 treten
1825 3064 1891 3099 zu
1918 3045 2120 3101 lassen.
2191 3045 2377 3100 Wenn
2405 3046 2506 3100 das
2533 3045 2741 3103 Nicht-

1609 3116 1731 3172 sein
1767 3117 1858 3172 ein
1901 3117 2025 3186 Ung
2026 3116 2160 3171 liiek
2203 3115 2307 3184 ist,
2355 3117 2480 3171 sind
2528 3117 2740 3173 ebenso

1607 3188 1699 3243 die
1754 3135 2145 3258 ungh‘iekglioh,
2211 3188 2304 3241 die
2365 3188 2513 3242 noch
2574 3188 2743 3243 nicht

1608 3260 1855 3329 geboren
1884 3260 2035 3326 sind,
2066 3258 2170 3313 wie
2198 3258 2306 3326 die,
2334 3257 2549 3315 welche
2574 3259 2743 3315 nieht

1607 3331 1767 3394 mehr
1803 3346 1895 3383 am
1931 3330 2121 3384 Leben
2163 3329 2304 3384 sind.

1679 3402 1818 3469 Καρ.
1860 3401 1916 3455 7.
1991 3406 2041 3455 et
2069 3416 2208 3467 non,
2240 3399 2378 3454 ‘und
2402 3398 2566 3470 nicht
2592 3399 2739 3455 vi’el-

1607 3472 1806 3526 mehr'.
1884 3472 1938 3525 S.
1978 3476 2009 3535 ξ
2049 3478 2097 3526 6.

1678 3559 1738 3597 eo
1772 3544 2024 3609 miseros,
2064 3542 2189 3596 ‘aus
2218 3541 2346 3596 dem
2375 3541 2601 3596 Grande
2628 3559 2737 3596 un-

1606 3612 1937 3683 gliieklich'.
2012 3612 2141 3682 Vgl.
2193 3618 2284 3681 13,
2331 3618 2400 3668 30
2447 3628 2506 3667 eo
2552 3614 2741 3681 lugeat

1606 3685 1753 3754 quod
1791 3714 1857 3723 -
1894 3684 2210 3739 arbitretur.

1673 3760 1842 3823 porta
1905 3755 2155 3823 Capena,
2220 3755 2390 3810 heute
2445 3759 2617 3824 porta
2672 3754 2737 3810 S.

1607 3826 1947 3882 Sebastiam.
2057 3824 2247 3881 Durch
2321 3826 2504 3881 dieses
2576 3824 2737 3881 Thor

1608 3897 1796 3951 ftihrte
1835 3899 1982 3953 nach
2020 3897 2211 3967 Capua
2249 3896 2340 3950 die
2388 3899 2484 3953 via
2519 3898 2737 3965 Appia,

1606 3987 1674 4023 zu
1734 3968 1905 4023 deren
1958 3916 2163 4023 beiden
2217 3966 2409 4023 Seiten
2463 3969 2585 4022 sich
2638 3967 2737 4024 die

1605 4057 1731 4093 zum
1787 4039 1913 4093 Teil
1966 4039 2113 4094 noch
2167 4039 2497 4095 erhaltenen
2553 4038 2738 4094 Grab-

1606 4110 1785 4164 malet
1820 4109 2096 4166 befinden.

1682 4179 1946 4236 Calatini.
2033 4183 2099 4234 A.
2162 4179 2371 4236 Atilius
2439 4180 2735 4236 Calatinus

1607 4268 1727 4307 war
1777 4252 1857 4306 im
1910 4253 2096 4306 ersten
2157 4253 2468 4321 punisehen
2522 4250 2735 4323 Kriege

1609 4323 1864 4379 zweimal
1897 4322 2112 4379 Konsul
2153 4323 2268 4378 und
2304 4329 2407 4379 249
2445 4322 2736 4378 Diktator.
