2902 4649
319 144 453 209 100

1105 142 1181 198 M.
1218 143 1467 199 TULLII
1506 142 1893 200 CICERONIS

318 329 496 373 xume
543 319 638 373 est
679 310 1139 397 providendum,
1195 329 1269 372 ne
1318 311 1461 391 quid
1508 312 1737 374 abiecte
1794 330 1869 374 ne
1917 312 2059 391 quid
2107 312 2339 392 timide,
2395 328 2470 371 ne
2529 309 2695 390 quid

320 403 529 480 ignave
575 418 651 460 ne
698 400 838 480 quid
888 391 1183 461 serviliter
1230 400 1676 462 muliebriterve
1725 402 2036 483 faciamuS,
2094 403 2156 461 in
2204 401 2535 480 primisque
2584 418 2695 460 re-

322 489 552 551 futetur
624 508 692 551 ac
767 492 1049 551 reiciatur
1112 487 1523 552 Philocteteus
1597 490 1696 551 ille
1761 490 1997 551 clamor.
2089 489 2489 568 Ingemiscere
2555 507 2695 550 non·

323 595 646 657 numquam
693 581 821 640 viro
860 596 1212 640 concessum
1260 586 1352 639 est
1397 578 1580 657 idque
1627 597 1793 660 raro,
1840 579 2094 640 eiulatus
2139 596 2215 638 ne
2262 576 2500 638 mulieri
2547 579 2693 656 qui-

323 667 487 747 dem3
533 676 595 728 et
638 666 736 728 hic
782 670 1066 729 nimirum
1112 675 1206 729 est
1249 667 1455 749 fletus,
1512 686 1690 747 quem
1739 668 2052 729 duodecim
2099 666 2335 727 tabulae
2390 667 2451 726 in
2497 667 2687 727 ‘fune-

231 772 304 821 56
322 755 492 817 ribus
531 755 799 817 adhiberi
835 765 1173 818 vetuerunt.
1264 755 1387 817 Nec
1425 775 1568 817 vero
1607 774 1888 836 umquam
1935 774 2010 816 ne
2057 757 2395 835 ingemiscit
2435 754 2689 834 quidem

322 846 415 905 vir
463 845 636 905 fortis
682 863 751 906 ac
798 848 1060 926 sapienS,
1116 847 1233 907 nisi
1277 846 1433 907 forte
1490 854 1559 906 ut
1615 863 1680 905 se
1734 844 2003 907 intendat
2057 844 2128 905 ad
2187 845 2552 924 firmitatem,
2617 851 2695 904 ut

322 935 388 994 in
427 933 617 995 stadio
655 953 934 996 cursores
973 934 1301 995 exclamant
1337 952 1517 1014 quam
1556 935 1808 995 maxime
1845 941 2115 1013 possunt.
2205 932 2456 994 Faciunt
2501 932 2702 1013 idem,

325 1040 464 1101 cum
512 1031 897 1104 exercentur,
944 1022 1226 1103 athletae3
1270 1023 1504 1103 pugiles
1551 1041 1719 1105 vero,
1776 1024 1953 1084 etiam
2001 1039 2137 1083 cum
2195 1022 2422 1082 feriunt
2475 1019 2689 1081 adver-

326 1113 576 1191 sarium,
636 1114 696 1172 in
744 1111 1031 1173 iactandis
1078 1110 1375 1173 caestibus
1421 1113 1848 1192 ingemiscunt,
1902 1128 2023 1171 non
2071 1110 2229 1190 quod
2276 1108 2515 1170 doleant
2559 1111 2697 1169 ani·

325 1218 496 1262 move
544 1199 963 1282 succumbant,
1010 1200 1113 1261 sed
1148 1202 1298 1279 quia
1344 1196 1759 1281 profundenda
1805 1218 1950 1261 voce
1998 1217 2174 1259 omne
2221 1215 2440 1279 corpus
2483 1200 2692 1258 inten-

217 1287 310 1353 24
330 1288 493 1350 ditur
557 1291 837 1369 venitque
902 1288 1070 1369 plaga
1134 1289 1558 1350 vehementior.
1650 1285 1850 1360 Quid?
1914 1290 2017 1368 qui
2081 1287 2287 1348 volunt
2349 1286 2693 1348 exclamare

330 1377 550 1458 maiuS,
595 1396 739 1438 num
787 1381 930 1440 satis
976 1376 1198 1438 habent
1242 1377 1456 1459 latera,
1501 1378 1730 1458 fauceS,
1775 1377 2036 1457 linguam
2084 1376 2423 1456 intendere,
2470 1393 2503 1435 e
2551 1375 2700 1454 qui-

328 1464 445 1527 bus
500 1467 614 1526 eici
669 1485 874 1528 vocem
931 1473 992 1527 et
1048 1466 1215 1528 fundi
1274 1462 1584 1528 videmus?
1674 1465 1825 1527 Toto
1873 1484 2126 1545 corpore
2177 1474 2355 1545 atque
2404 1463 2694 1526 omnibus

237 1570 306 1618 57
329 1553 596 1637 unguliS,
642 1564 711 1617 ut
756 1555 1002 1635 dicitur,
1049 1557 1420 1616 contentioni
1461 1557 1623 1616 vocis
1669 1555 2029 1616 adserviunt.
2122 1553 2291 1615 Genu
2341 1552 2695 1615 mehercule

326 1642 403 1703 M.
449 1641 772 1706 Antonium
829 1644 971 1722 vidi,
1034 1662 1171 1705 cum
1228 1652 1507 1706 contente
1564 1662 1675 1722 pro
1731 1662 1796 1705 se
1852 1646 1980 1723 ipse
2034 1643 2163 1723 lege
2210 1642 2383 1703 Varia
2437 1641 2701 1721 diceret,

328 1739 553 1792 terram
612 1739 874 1812 tangere.
965 1732 1043 1794 Ut
1107 1735 1264 1794 enim
1328 1732 1575 1793 balistae
1641 1732 1901 1813 lapidum
1968 1741 2029 1794 et
2092 1731 2323 1811 reliqua
2387 1738 2689 1792 tormenta

325 1819 587 1882 telorum
634 1839 703 1882 eo
751 1823 1052 1900 graviores
1100 1824 1450 1883 emissiones
1494 1820 1742 1903 habent,
1798 1839 1916 1901 quo
1973 1831 2115 1882 sunt
2168 1828 2447 1881 contenta
2504 1827 2701 1899 atque

328 1908 581 1970 adducta
627 1909 1066 1991 vehementiuS,
1121 1912 1206 1971 sic
1256 1929 1397 1990 vox,
1453 1912 1541 1971 sic
1596 1928 1839 1991 cursus,
1895 1913 1982 1971 sic
2036 1910 2206 1989 plaga
2260 1909 2375 1969 hoc
2430 1910 2701 1988 gravior,

329 2015 451 2077 quo
506 2005 600 2060 est
654 2000 835 2060 missa
881 2001 1238 2061 contentius.
1330 1998 1516 2060 Cuius
1571 2001 1973 2061 contentionis
2029 2017 2165 2059 cum
2225 2005 2386 2059 tanta
2443 1999 2533 2057 vis
2591 1998 2692 2076 sit,

328 2088 382 2146 si
441 2089 698 2167 gemitus
757 2090 819 2148 in
881 2087 1086 2149 dolore
1149 2088 1219 2149 ad
1282 2088 1753 2149 confirmandum
1801 2088 2063 2148 animum
2110 2086 2356 2168 valebit,
2419 2093 2739 2165 utemur?

329 2176 424 2236 sin
480 2178 596 2236 erit
650 2175 749 2237 ille
804 2179 1062 2256 gemitus
1107 2176 1566 2258 clamentabilis,
1631 2178 1682 2237 si
1746 2175 2058 2236 inbecillus
2069 2222 2087 2255 ,
2151 2178 2204 2236 si
2269 2174 2568 2255 abiectuS,
2635 2176 2689 2234 si

329 2263 573 2345 flebilis,
628 2267 683 2326 ei
740 2265 844 2345 qui
900 2283 964 2327 se
1020 2264 1278 2346 dederit,
1335 2266 1431 2327 vix
1488 2283 1624 2328 eum
1676 2267 1871 2326 virum
1917 2264 2187 2326 dixerim.
2281 2263 2396 2336 Qui
2443 2262 2698 2343 quidem

329 2356 588 2434 gemitus
635 2355 687 2414 si
731 2354 1040 2416 levationis
1086 2354 1307 2434 aliquid
1353 2355 1646 2433 adferret,
1701 2362 1898 2415 tamen
1944 2354 2284 2415 videremus
2331 2352 2473 2433 quid
2524 2361 2689 2413 esset

330 2444 505 2504 fortis
551 2444 908 2504 et'animosi
946 2445 1084 2525 viri3
1137 2461 1274 2504 cum
1313 2462 1454 2503 vero
1492 2442 1639 2503 nihil
1679 2444 1991 2504 imminuat
2026 2441 2277 2523 doloriS,
2316 2459 2425 2503 cur
2463 2442 2698 2503 frustra

330 2539 540 2611 turpes
586 2549 720 2592 esse
765 2528 1087 2593 volumus?
1178 2531 1334 2603 Quid
1380 2539 1473 2592 est
1520 2533 1679 2592 enim
1724 2532 1869 2592 fletu
1918 2530 2193 2592 muliebri
2232 2533 2359 2591 viro
2407 2525 2703 2609 turpius?

404 2755 781 2811 Philoctetam.
857 2754 989 2824 8.·1,
1021 2762 1087 2811 19
1115 2756 1231 2811 und
1265 2761 1347 2823 14,
1368 2761 1455 2810 33.

403 2827 689 2882 duodecim
750 2827 987 2882 tabulae.
1040 2827 1191 2883 'Das
1256 2825 1459 2881 Gesotz

331 2897 547 2952 lautete
580 2898 727 2952 nach
765 2897 877 2952 Cic.
916 2898 988 2953 de
1022 2898 1131 2968 leg.
1171 2898 1225 2951 11
1262 2903 1349 2965 23,
1388 2901 1455 2952 59

334 2968 605 3023 Mulieres
664 2985 833 3038 ymas
892 2985 962 3023 ne
1023 2970 1266 3024 radunt«)
1328 2983 1459 3023 ‘neve

332 3040 529 3094 lassum
580 3039 799 3112 funeris
860 3054 987 3109 erqo
1049 3040 1306 3105 habento,
1369 3055 1459 3094 wo

334 3107 449 3165 Cic.
485 3110 634 3165 nach
661 3112 724 3166 L.
754 3099 917 3165 Kline
954 3111 1122 3166 lessus
1157 3081 1335 3165 durch
1371 3111 1458 3165 lu-

329 3181 526 3251 quhrie
559 3182 789 3237 eiulatio
822 3181 1051 3236 erklart.

405 3250 547 3309 Ka.
586 3251 684 3307 24.
758 3258 843 3308 56.
899 3253 1205 3307 exclamare
1255 3252 1458 3308 maim.

333 3321 451 3377 Der
529 3323 775 3379 ebrauch
813 3322 997 3378 dieses
1024 3323 1326 3378 Neutrums
1360 3338 1459 3376 an-

334 3395 478 3448 statt
487 3394 586 3448 des
596 3393 993 3450 Adverbiums
975 3411 1034 3448 ιιι
1045 3394 1459 3477 Nachahmung

335 3463 436 3519 des
502 3463 903 3520 Griechischen
965 3463 1112 3535 μέγα
1177 3465 1320 3548 βοᾷν
1382 3463 1460 3519 ist

336 3535 497 3590 mehr
525 3534 634 3590 den
660 3534 935 3591 Dichtern
970 3536 1161 3605 sigen,
1197 3536 1305 3591 wie
1340 3554 1457 3591 ma-

412 3622 507 3660 um
561 3606 697 3660 oder
751 3608 1055 3662 mamimum
1090 3608 1326 3663 clamare
1370 3606 1467 3662 bei

383 3676 601 3744 lautus,
644 3692 851 3747 magna
883 3683 1087 3733 sonant
1120 3678 1319 3734 Juven.
1358 3679 1463 3732 sat.

335 3746 869 3873 I}V}I·108‚magmum
888 3749 1056 3816 fluere
1073 3749 1240 3819 Verg.
1258 3747 1462 3819 Georg.

410 3890 515 3944 eici
549 3905 742 3945 vocem.
800 3888 904 3943 Die
933 3890 1093 3946 Hdss.
1124 3890 1312 3945 haben
1339 3891 1467 3946 elici

338 3975 452 4016 voc.
525 3960 679 4016 Aber
714 3961 774 4015 in
811 3962 937 4015 elici
966 3960 1154 4031 liegt'
1137 3977 1337 4016 mmet
1365 3957 1484 4017 der‘

343 4030 481 4087 Sinn
556 4031 1018 4115 ‘hervorlocken2
1087 4032 1463 4101 auspressenss

340 4102 442 4157 der
476 4101 601 4158 hier
635 4103 822 4158 wodor
861 4102 924 4156 in
960 4074 1070 4156 den
1107 4102 1463 4158 Zusammen·

338 4173 497 4243 hang
529 4173 676 4229 noch
712 4192 784 4228 ιιι
817 4173 989 4240 fundi
1022 4171 1188 4243 1).ώῦ

412 4245 665 4300 omnibus
725 4244 980 4313 ungulis,
1022 4191 1180 4298 peine
1252 4244 1464 4313 sprich-

337 4315 633 4371 wortliche
660 4314 990 4382 Redensart,
1019 4314 1328 4384 cigentlich
1352 4332 1467 4370 von

1565 2755 1675 2811 den
1719 2755 1827 2809 mit
1869 2754 1983 2809 den
2027 2755 2214 2810 Hufen
2269 2754 2392 2809 sich
2437 2757 2689 2809 austren-

1565 2825 1788 2896 genden
1824 2824 2068 2881 Pferden
2072 2828 2318 2912 ‚gesagiz

1637 2897 1983 2964 adserviunt,
2036 2896 2129 2952 ein
2165 2890 2264 2952 ἅτε.
2301 2893 2492 2980 hyda.
2549 2897 2697 2950 statt

1567 2967 1665 3023 des
1700 2968 2130 3036 gewohnlichen
2167 2969 2491 3024 inserviunt.

1637 3043 1724 3095 57.
1765 3040 1852 3093 M.
1891 3041 2177 3094 Antonius
2220 3056 2339 3094 war
2378 3043 2481 3092 144
2518 3040 2693 3108 gebo·

1564 3126 1668 3165 ren
1728 3109 1847 3164 und
1915 3110 2097 3164 neben
2158 3110 2221 3164 L.
2288 3109 2518 3164 Crassus
2594 3110 2700 3164 der

1565 3180 1780 3251 groseto
1807 3180 2032 3236 Redner
2067 3178 2251 3236 seiher
2278 3179 2428 3247 Zeu,
2466 3180 2693 3236 obwohl

1566 3253 1729 3306 mehr
1764 3250 1942 3306 durch
1976 3250 2296 3306 natiirliche
2318 3252 2538 3321 Anlage
2574 3252 2693 3306 und

1604 3321 1886 3377 raktisehe
1951 3321 2271 3392 Erfahrung
2349 3323 2436 3377 als
2515 3323 2693 3379 durch

1613 3392 1806 3449 heorie
1846 3393 1958 3448 und
1996 3392 2538 3449 wissenschaffliche
2582 3393 2696 3448 Bil-

1566 3464 1722 3590 dvung
1757 3464 2205 3534 ausgezeichnet.
2283 3464 2336 3519 S.
2377 3482 2422 3521 z.
2461 3464 2488 3518 I
2517 3471 2578 3534 5,
2612 3471 2699 3520 10.

1645 3607 1756 3676 leqe
1804 3606 2007 3661 Varia.-
2045 3605 2321 3661 Asconius
2359 3606 2434 3660 ad
2462 3606 2576 3661 Cic.
2616 3623 2697 3662 or.

1572 3695 1627 3747 p.
1662 3678 1872 3732 Scauro
1908 3695 1963 3747 p.
1991 3683 2061 3731 22
2099 3677 2302 3732 Italico
2339 3678 2474 3732 bello
2510 3682 2705 3733 exos-to

1575 3750 1664 3816 (91
1705 3767 1757 3804 v.
1797 3747 1945 3817 Chr.)
1984 3764 2108 3802 cum
2143 3749 2210 3803 ob
2246 3750 2410 3803 sociis
2443 3755 2705 3818 negatam

1573 3820 1847 3874 civitatem
1880 3820 2146 3874 nobilitas
2187 3821 2253 3873 in
2291 3819 2512 3874 invidia
2547 3825 2694 3886 asset,

1577 3889 1640 3960 Q.
1675 3889 1883 3945 Varius
1910 3889 2224 3962 (Hybrida)
2262 3891 2389 3946 trib.
2414 3891 2496 3959 pl.
2537 3892 2703 3960 leym

1573 3961 1733 4027 nait,
1765 3966 1830 4015 ut
1860 3967 2211 4030 quaereretur
2237 3961 2303 4016 dc
2329 3962 2430 4029 iis,
2466 3977 2707 4030 quorum

1573 4048 1740 4101 opera
1776 4033 2066 4087 consi'liove
2109 4032 2247 4087 socii
2291 4038 2484 4088 contra
2520 4049 2704 4103 popu·

1573 4104 1687 4158 lum
1721 4102 2036 4157 Romanum
2071 4120 2232 4157 arma
2265 4104 2634 4173 sumpsissent.

1642 4174 1812 4229 missa
1857 4173 2009 4243 passi,
2065 4191 2134 4227 zu
2175 4174 2375 4245 pldya,
2428 4175 2598 4258 nicht·
2632 4192 2702 4230 ιιι

1572 4261 1794 4314 cursus,
1830 4261 1986 4299 wozu
2025 4245 2169 4300 auch
2198 4247 2427 4315 pravior
2455 4245 2704 4316 wenigm·

1572 4314 1741 4387 patet.
