<?xml version="1.0" encoding="UTF-8"?>
<!DOCTYPE html PUBLIC "-//W3C//DTD XHTML 1.0 Transitional//EN"
    "http://www.w3.org/TR/xhtml1/DTD/xhtml1-transitional.dtd">
<html xmlns="http://www.w3.org/1999/xhtml" xml:lang="en" lang="en">
 <head>
  <title>
</title>
<meta http-equiv="Content-Type" content="text/html;charset=utf-8" />
  <meta name='ocr-system' content='tesseract 3.04.00' />
  <meta name='ocr-capabilities' content='ocr_page ocr_carea ocr_par ocr_line ocrx_word'/>
</head>
<body>
  <div class='ocr_page' id='page_1' title='image "./ciceronistuscul00heingoog_0164.png"; bbox 0 0 2902 4649; ppageno 0'>
   <div class='ocr_carea' id='block_1_1' title="bbox 359 127 1933 193">
    <p class='ocr_par' dir='ltr' id='par_1_1' title="bbox 359 127 1933 193">
     <span class='ocr_line' id='line_1_1' title="bbox 359 127 1933 193; baseline -0.006 0"><span class='ocrx_word' id='word_1_1' title='bbox 359 129 445 193; x_wconf 82' lang='grc'><strong>28</strong></span> <span class='ocrx_word' id='word_1_2' title='bbox 1143 131 1221 187; x_wconf 85' lang='grc' dir='ltr'><strong>Μ.</strong></span> <span class='ocrx_word' id='word_1_3' title='bbox 1260 128 1507 184; x_wconf 90' lang='lat' dir='ltr'>TULLII</span> <span class='ocrx_word' id='word_1_4' title='bbox 1546 127 1933 185; x_wconf 82' lang='lat' dir='ltr'>CICERONIS</span> 
     </span>
    </p>
   </div>
   <div class='ocr_carea' id='block_1_2' title="bbox 358 295 2730 555">
    <p class='ocr_par' dir='ltr' id='par_1_2' title="bbox 358 295 2728 555">
     <span class='ocr_line' id='line_1_2' title="bbox 359 295 2728 375; baseline -0.001 -17"><span class='ocrx_word' id='word_1_5' title='bbox 359 298 778 358; x_wconf 87' lang='lat' dir='ltr'><strong>contemnitur.</strong></span> <span class='ocrx_word' id='word_1_6' title='bbox 871 296 1067 357; x_wconf 82' lang='lat' dir='ltr'><strong>Sentit</strong></span> <span class='ocrx_word' id='word_1_7' title='bbox 1113 299 1308 356; x_wconf 92' lang='lat' dir='ltr'><strong>omnia</strong></span> <span class='ocrx_word' id='word_1_8' title='bbox 1357 297 1670 375; x_wconf 89' lang='lat' dir='ltr'><strong>repentina</strong></span> <span class='ocrx_word' id='word_1_9' title='bbox 1723 302 1783 356; x_wconf 90' lang='lat' dir='ltr'><strong>et</strong></span> <span class='ocrx_word' id='word_1_10' title='bbox 1836 296 2190 375; x_wconf 89' lang='lat' dir='ltr'><strong>necopinata</strong></span> <span class='ocrx_word' id='word_1_11' title='bbox 2236 313 2368 355; x_wconf 91' lang='lat' dir='ltr'><strong>esse</strong></span> <span class='ocrx_word' id='word_1_12' title='bbox 2425 295 2728 373; x_wconf 86' lang='lat' dir='ltr'><strong>graviora.</strong></span> 
     </span>
     <span class='ocr_line' id='line_1_3' title="bbox 358 382 2730 535; baseline -0.001 -89"><span class='ocrx_word' id='word_1_13' title='bbox 358 385 740 466; x_wconf 85' lang='lat' dir='ltr'><strong>Exaggeratis</strong></span> <span class='ocrx_word' id='word_1_14' title='bbox 769 386 970 535; x_wconf 46' lang='lat' dir='ltr'><strong>igRitur</strong></span> <span class='ocrx_word' id='word_1_15' title='bbox 1016 388 1198 464; x_wconf 87' lang='lat' dir='ltr'><strong>regiis</strong></span> <span class='ocrx_word' id='word_1_16' title='bbox 1245 383 1487 466; x_wconf 78' lang='lat' dir='ltr'><strong>opihuS,</strong></span> <span class='ocrx_word' id='word_1_17' title='bbox 1536 402 1687 463; x_wconf 87' lang='lat' dir='ltr'><strong>quae</strong></span> <span class='ocrx_word' id='word_1_18' title='bbox 1726 382 2079 445; x_wconf 89' lang='lat' dir='ltr'><strong>videbantur</strong></span> <span class='ocrx_word' id='word_1_19' title='bbox 2117 386 2514 502; x_wconf 79' lang='lat' dir='ltr'><strong>sempiternae</strong></span> <span class='ocrx_word' id='word_1_20' title='bbox 2563 384 2730 466; x_wconf 85' lang='lat' dir='ltr'><strong>for,e</strong></span> 
     </span>
     <span class='ocr_line' id='line_1_4' title="bbox 358 475 813 555; baseline 0 -19"><span class='ocrx_word' id='word_1_21' title='bbox 358 475 500 555; x_wconf 90' lang='lat' dir='ltr'><strong>quid</strong></span> <span class='ocrx_word' id='word_1_22' title='bbox 548 476 813 554; x_wconf 89' lang='lat' dir='ltr'><strong>adiungit</strong></span> 
     </span>
    </p>
   </div>
   <div class='ocr_carea' id='block_1_3' title="bbox 964 578 2009 835">
    <p class='ocr_par' dir='ltr' id='par_1_3' title="bbox 964 578 2009 835">
     <span class='ocr_line' id='line_1_5' title="bbox 964 578 2005 655; baseline -0.001 -14"><span class='ocrx_word' id='word_1_23' title='bbox 964 582 1137 643; x_wconf 84' lang='lat' dir='ltr'><strong>Haec</strong></span> <span class='ocrx_word' id='word_1_24' title='bbox 1184 580 1386 644; x_wconf 75' lang='lat' dir='ltr'><strong>dmnia</strong></span> <span class='ocrx_word' id='word_1_25' title='bbox 1432 583 1564 641; x_wconf 83' lang='lat' dir='ltr'><strong>vidi</strong></span> <span class='ocrx_word' id='word_1_26' title='bbox 1608 578 2005 655; x_wconf 75' lang='lat' dir='ltr'><strong>infldmmari‚</strong></span> 
     </span>
     <span class='ocr_line' id='line_1_6' title="bbox 967 667 1848 744; baseline 0 -14"><span class='ocrx_word' id='word_1_27' title='bbox 967 670 1216 732; x_wconf 82' lang='lat' dir='ltr'><strong>Priamo&#39;</strong></span> <span class='ocrx_word' id='word_1_28' title='bbox 1264 672 1328 730; x_wconf 83' lang='lat' dir='ltr'><strong>vi</strong></span> <span class='ocrx_word' id='word_1_29' title='bbox 1369 672 1555 730; x_wconf 82' lang='lat' dir='ltr'><strong>vitam</strong></span> <span class='ocrx_word' id='word_1_30' title='bbox 1601 667 1848 744; x_wconf 78' lang='lat' dir='ltr'><strong>evitari,</strong></span> 
     </span>
     <span class='ocr_line' id='line_1_7' title="bbox 966 757 2009 835; baseline -0.002 -15"><span class='ocrx_word' id='word_1_31' title='bbox 966 761 1126 821; x_wconf 79' lang='lat' dir='ltr'><strong>Iovis</strong></span> <span class='ocrx_word' id='word_1_32' title='bbox 1173 757 1350 819; x_wconf 71' lang='lat' dir='ltr'><strong>ciram</strong></span> <span class='ocrx_word' id='word_1_33' title='bbox 1396 761 1699 834; x_wconf 72' lang='lat' dir='ltr'><strong>sanquine</strong></span> <span class='ocrx_word' id='word_1_34' title='bbox 1746 757 2009 835; x_wconf 67' lang='lat' dir='ltr'><strong>tzirpari.</strong></span> 
     </span>
    </p>
   </div>
   <div class='ocr_carea' id='block_1_4' title="bbox 169 863 2721 2724">
    <p class='ocr_par' dir='ltr' id='par_1_4' title="bbox 262 863 2721 1568">
     <span class='ocr_line' id='line_1_8' title="bbox 262 863 2721 944; baseline 0.002 -23"><span class='ocrx_word' id='word_1_35' title='bbox 262 874 332 923; x_wconf 86' lang='grc'><strong>46</strong></span> <span class='ocrx_word' id='word_1_36' title='bbox 352 865 731 927; x_wconf 89' lang='lat' dir='ltr'><strong>Praeclarum</strong></span> <span class='ocrx_word' id='word_1_37' title='bbox 771 864 1037 926; x_wconf 81' lang='lat' dir='ltr'><strong>carmen!</strong></span> <span class='ocrx_word' id='word_1_38' title='bbox 1087 873 1179 926; x_wconf 90' lang='lat' dir='ltr'><strong>est</strong></span> <span class='ocrx_word' id='word_1_39' title='bbox 1225 867 1381 926; x_wconf 87' lang='lat' dir='ltr'><strong>enim</strong></span> <span class='ocrx_word' id='word_1_40' title='bbox 1430 874 1492 926; x_wconf 93' lang='lat' dir='ltr'><strong>et</strong></span> <span class='ocrx_word' id='word_1_41' title='bbox 1537 863 1720 925; x_wconf 89' lang='lat' dir='ltr'><strong>rebus</strong></span> <span class='ocrx_word' id='word_1_42' title='bbox 1758 871 1820 925; x_wconf 92' lang='lat' dir='ltr'><strong>et</strong></span> <span class='ocrx_word' id='word_1_43' title='bbox 1858 864 2054 925; x_wconf 85' lang='lat' dir='ltr'><strong>verbis</strong></span> <span class='ocrx_word' id='word_1_44' title='bbox 2102 874 2162 926; x_wconf 90' lang='lat' dir='ltr'><strong>et</strong></span> <span class='ocrx_word' id='word_1_45' title='bbox 2207 864 2399 925; x_wconf 92' lang='lat' dir='ltr'><strong>modis</strong></span> <span class='ocrx_word' id='word_1_46' title='bbox 2437 864 2721 944; x_wconf 80' lang='lat' dir='ltr'><strong>lugubre.</strong></span> 
     </span>
     <span class='ocr_line' id='line_1_9' title="bbox 350 949 2721 1035; baseline 0 -20"><span class='ocrx_word' id='word_1_47' title='bbox 350 954 689 1035; x_wconf 83' lang='lat' dir='ltr'><strong>Eripiamus</strong></span> <span class='ocrx_word' id='word_1_48' title='bbox 735 954 875 1017; x_wconf 89' lang='lat' dir='ltr'><strong>huic</strong></span> <span class='ocrx_word' id='word_1_49' title='bbox 922 953 1370 1033; x_wconf 79' lang='lat' dir='ltr'><strong>aegritudinem.</strong></span> <span class='ocrx_word' id='word_1_50' title='bbox 1466 953 1597 1024; x_wconf 86' lang='lat' dir='ltr'><strong>Quo</strong></span> <span class='ocrx_word' id='word_1_51' title='bbox 1644 949 1865 1015; x_wconf 76' lang='lat' dir='ltr'><strong>modo?</strong></span> <span class='ocrx_word' id='word_1_52' title='bbox 1941 951 2334 1015; x_wconf 88' lang='lat' dir='ltr'><strong>Conlocemus</strong></span> <span class='ocrx_word' id='word_1_53' title='bbox 2379 955 2443 1014; x_wconf 92' lang='lat' dir='ltr'><strong>in</strong></span> <span class='ocrx_word' id='word_1_54' title='bbox 2491 954 2721 1016; x_wconf 84' lang='lat' dir='ltr'><strong>culcita</strong></span> 
     </span>
     <span class='ocr_line' id='line_1_10' title="bbox 350 1041 2714 1125; baseline -0 -21"><span class='ocrx_word' id='word_1_55' title='bbox 350 1044 611 1125; x_wconf 88' lang='lat' dir='ltr'><strong>plumea,</strong></span> <span class='ocrx_word' id='word_1_56' title='bbox 658 1044 959 1123; x_wconf 87' lang='lat' dir='ltr'><strong>psaltriam</strong></span> <span class='ocrx_word' id='word_1_57' title='bbox 1006 1043 1394 1125; x_wconf 76' lang='lat' dir='ltr'><strong>adducamuS,</strong></span> <span class='ocrx_word' id='word_1_58' title='bbox 1443 1042 1727 1122; x_wconf 83' lang='lat' dir='ltr'><strong>hedychri</strong></span> <span class='ocrx_word' id='word_1_59' title='bbox 1765 1041 2152 1104; x_wconf 88' lang='lat' dir='ltr'><strong>incendamus</strong></span> <span class='ocrx_word' id='word_1_60' title='bbox 2191 1042 2527 1124; x_wconf 83' lang='lat' dir='ltr'><strong>scutellam,</strong></span> <span class='ocrx_word' id='word_1_61' title='bbox 2575 1043 2714 1105; x_wconf 90' lang='lat' dir='ltr'><strong>dul-</strong></span> 
     </span>
     <span class='ocr_line' id='line_1_11' title="bbox 351 1130 2713 1214; baseline 0 -21"><span class='ocrx_word' id='word_1_62' title='bbox 351 1132 576 1194; x_wconf 90' lang='lat' dir='ltr'><strong>ciculae</strong></span> <span class='ocrx_word' id='word_1_63' title='bbox 622 1134 880 1212; x_wconf 92' lang='lat' dir='ltr'><strong>potionis</strong></span> <span class='ocrx_word' id='word_1_64' title='bbox 927 1132 1147 1211; x_wconf 91' lang='lat' dir='ltr'><strong>aliquid</strong></span> <span class='ocrx_word' id='word_1_65' title='bbox 1197 1131 1498 1192; x_wconf 87' lang='lat' dir='ltr'><strong>videamus</strong></span> <span class='ocrx_word' id='word_1_66' title='bbox 1548 1139 1607 1192; x_wconf 87' lang='lat' dir='ltr'><strong>et</strong></span> <span class='ocrx_word' id='word_1_67' title='bbox 1654 1130 1797 1192; x_wconf 90' lang='lat' dir='ltr'><strong>cibi:</strong></span> <span class='ocrx_word' id='word_1_68' title='bbox 1855 1131 2000 1192; x_wconf 91' lang='lat' dir='ltr'><strong>haec</strong></span> <span class='ocrx_word' id='word_1_69' title='bbox 2046 1131 2284 1192; x_wconf 91' lang='lat' dir='ltr'><strong>tandem</strong></span> <span class='ocrx_word' id='word_1_70' title='bbox 2341 1130 2495 1192; x_wconf 90' lang='lat' dir='ltr'><strong>hona</strong></span> <span class='ocrx_word' id='word_1_71' title='bbox 2543 1141 2713 1214; x_wconf 90' lang='lat' dir='ltr'><strong>sunt,</strong></span> 
     </span>
     <span class='ocr_line' id='line_1_12' title="bbox 352 1216 2713 1300; baseline 0 -18"><span class='ocrx_word' id='word_1_72' title='bbox 352 1220 570 1300; x_wconf 84' lang='lat' dir='ltr'><strong>quibus</strong></span> <span class='ocrx_word' id='word_1_73' title='bbox 616 1220 1017 1299; x_wconf 85' lang='lat' dir='ltr'><strong>aegritudines</strong></span> <span class='ocrx_word' id='word_1_74' title='bbox 1064 1222 1444 1299; x_wconf 86' lang='lat' dir='ltr'><strong>gravissimae</strong></span> <span class='ocrx_word' id='word_1_75' title='bbox 1501 1216 1932 1281; x_wconf 78' lang='lat' dir='ltr'><strong>detrahantur?</strong></span> <span class='ocrx_word' id='word_1_76' title='bbox 1990 1229 2058 1281; x_wconf 87' lang='lat' dir='ltr'><strong>tu</strong></span> <span class='ocrx_word' id='word_1_77' title='bbox 2114 1223 2272 1281; x_wconf 89' lang='lat' dir='ltr'><strong>enim</strong></span> <span class='ocrx_word' id='word_1_78' title='bbox 2328 1220 2504 1300; x_wconf 87' lang='lat' dir='ltr'><strong>paulo</strong></span> <span class='ocrx_word' id='word_1_79' title='bbox 2563 1229 2713 1283; x_wconf 87' lang='lat' dir='ltr'><strong>ante</strong></span> 
     </span>
     <span class='ocr_line' id='line_1_13' title="bbox 351 1307 2704 1390; baseline -0 -19"><span class='ocrx_word' id='word_1_80' title='bbox 351 1328 427 1371; x_wconf 90' lang='lat' dir='ltr'><strong>ne</strong></span> <span class='ocrx_word' id='word_1_81' title='bbox 473 1310 817 1389; x_wconf 84' lang='lat' dir='ltr'><strong>intellegere</strong></span> <span class='ocrx_word' id='word_1_82' title='bbox 865 1318 925 1372; x_wconf 92' lang='lat' dir='ltr'><strong>te</strong></span> <span class='ocrx_word' id='word_1_83' title='bbox 974 1309 1212 1388; x_wconf 87' lang='lat' dir='ltr'><strong>quidem</strong></span> <span class='ocrx_word' id='word_1_84' title='bbox 1260 1309 1369 1371; x_wconf 90' lang='lat' dir='ltr'><strong>alia</strong></span> <span class='ocrx_word' id='word_1_85' title='bbox 1416 1308 1535 1370; x_wconf 90' lang='lat' dir='ltr'><strong>ulla</strong></span> <span class='ocrx_word' id='word_1_86' title='bbox 1590 1307 1846 1370; x_wconf 80' lang='lat' dir='ltr'><strong>dicebas,</strong></span> <span class='ocrx_word' id='word_1_87' title='bbox 1936 1309 2226 1371; x_wconf 87' lang='lat' dir='ltr'><strong>Revocari</strong></span> <span class='ocrx_word' id='word_1_88' title='bbox 2282 1311 2464 1389; x_wconf 84' lang='lat' dir='ltr'><strong>igitur</strong></span> <span class='ocrx_word' id='word_1_89' title='bbox 2522 1328 2704 1390; x_wconf 86' lang='lat' dir='ltr'><strong>opor-</strong></span> 
     </span>
     <span class='ocr_line' id='line_1_14' title="bbox 351 1396 2709 1478; baseline 0 -19"><span class='ocrx_word' id='word_1_90' title='bbox 351 1407 480 1460; x_wconf 90' lang='lat' dir='ltr'><strong>tere</strong></span> <span class='ocrx_word' id='word_1_91' title='bbox 546 1416 578 1458; x_wconf 91' lang='lat' dir='ltr'><strong>a</strong></span> <span class='ocrx_word' id='word_1_92' title='bbox 644 1416 911 1459; x_wconf 89' lang='lat' dir='ltr'><strong>maerore</strong></span> <span class='ocrx_word' id='word_1_93' title='bbox 976 1399 1046 1459; x_wconf 89' lang='lat' dir='ltr'><strong>ad</strong></span> <span class='ocrx_word' id='word_1_94' title='bbox 1111 1399 1531 1478; x_wconf 89' lang='lat' dir='ltr'><strong>cogitationem</strong></span> <span class='ocrx_word' id='word_1_95' title='bbox 1592 1396 1886 1459; x_wconf 89' lang='lat' dir='ltr'><strong>honorum</strong></span> <span class='ocrx_word' id='word_1_96' title='bbox 1948 1400 2295 1459; x_wconf 88' lang='lat' dir='ltr'><strong>conveniret</strong></span> <span class='ocrx_word' id='word_1_97' title='bbox 2354 1398 2500 1459; x_wconf 90' lang='lat' dir='ltr'><strong>mihi</strong></span> <span class='ocrx_word' id='word_1_98' title='bbox 2561 1417 2709 1460; x_wconf 88' lang='lat' dir='ltr'><strong>cum</strong></span> 
     </span>
     <span class='ocr_line' id='line_1_15' title="bbox 352 1486 1816 1568; baseline 0.001 -21"><span class='ocrx_word' id='word_1_99' title='bbox 352 1486 642 1568; x_wconf 82' lang='lat' dir='ltr'><strong>Epicure,</strong></span> <span class='ocrx_word' id='word_1_100' title='bbox 688 1490 739 1548; x_wconf 92' lang='lat' dir='ltr'><strong>si</strong></span> <span class='ocrx_word' id='word_1_101' title='bbox 786 1486 928 1566; x_wconf 90' lang='lat' dir='ltr'><strong>quid</strong></span> <span class='ocrx_word' id='word_1_102' title='bbox 976 1495 1137 1548; x_wconf 90' lang='lat' dir='ltr'><strong>esset</strong></span> <span class='ocrx_word' id='word_1_103' title='bbox 1182 1487 1404 1548; x_wconf 91' lang='lat' dir='ltr'><strong>honum</strong></span> <span class='ocrx_word' id='word_1_104' title='bbox 1453 1488 1816 1548; x_wconf 86' lang='lat' dir='ltr'><strong>conveniret.</strong></span> 
     </span>
    </p>

    <p class='ocr_par' dir='ltr' id='par_1_5' title="bbox 246 1569 2713 2012">
     <span class='ocr_line' id='line_1_16' title="bbox 246 1569 2712 1655; baseline 0.001 -21"><span class='ocrx_word' id='word_1_105' title='bbox 246 1569 333 1634; x_wconf 85' lang='lat'><strong>20</strong></span> <span class='ocrx_word' id='word_1_106' title='bbox 530 1576 700 1637; x_wconf 90' lang='lat' dir='ltr'><strong>Dicet</strong></span> <span class='ocrx_word' id='word_1_107' title='bbox 745 1575 981 1655; x_wconf 87' lang='lat' dir='ltr'><strong>aliquis:</strong></span> <span class='ocrx_word' id='word_1_108' title='bbox 1029 1575 1184 1648; x_wconf 88' lang='lat' dir='ltr'><strong>Quid</strong></span> <span class='ocrx_word' id='word_1_109' title='bbox 1231 1572 1418 1655; x_wconf 75' lang='lat' dir='ltr'><strong>ergo?</strong></span> <span class='ocrx_word' id='word_1_110' title='bbox 1466 1584 1528 1636; x_wconf 91' lang='lat' dir='ltr'><strong>tu</strong></span> <span class='ocrx_word' id='word_1_111' title='bbox 1577 1575 1906 1655; x_wconf 90' lang='lat' dir='ltr'><strong>Epicurum</strong></span> <span class='ocrx_word' id='word_1_112' title='bbox 1944 1578 2246 1637; x_wconf 87' lang='lat' dir='ltr'><strong>existimas</strong></span> <span class='ocrx_word' id='word_1_113' title='bbox 2292 1578 2404 1637; x_wconf 87' lang='lat' dir='ltr'><strong>ista</strong></span> <span class='ocrx_word' id='word_1_114' title='bbox 2443 1575 2712 1637; x_wconf 88' lang='lat' dir='ltr'><strong>voluisse</strong></span> 
     </span>
     <span class='ocr_line' id='line_1_17' title="bbox 352 1661 2708 1744; baseline 0 -19"><span class='ocrx_word' id='word_1_115' title='bbox 352 1674 455 1726; x_wconf 90' lang='lat' dir='ltr'><strong>aut</strong></span> <span class='ocrx_word' id='word_1_116' title='bbox 498 1664 843 1726; x_wconf 89' lang='lat' dir='ltr'><strong>libidinosas</strong></span> <span class='ocrx_word' id='word_1_117' title='bbox 899 1667 1028 1726; x_wconf 91' lang='lat' dir='ltr'><strong>eius</strong></span> <span class='ocrx_word' id='word_1_118' title='bbox 1084 1665 1268 1725; x_wconf 82' lang='lat' dir='ltr'><strong>fuisse</strong></span> <span class='ocrx_word' id='word_1_119' title='bbox 1325 1661 1695 1726; x_wconf 77' lang='lat' dir='ltr'><strong>sententias?</strong></span> <span class='ocrx_word' id='word_1_120' title='bbox 1783 1663 1909 1744; x_wconf 86' lang='lat' dir='ltr'><strong>Ego</strong></span> <span class='ocrx_word' id='word_1_121' title='bbox 1966 1683 2107 1726; x_wconf 86' lang='lat' dir='ltr'><strong>vero</strong></span> <span class='ocrx_word' id='word_1_122' title='bbox 2164 1666 2422 1725; x_wconf 89' lang='lat' dir='ltr'><strong>minime.</strong></span> <span class='ocrx_word' id='word_1_123' title='bbox 2514 1664 2708 1726; x_wconf 87' lang='lat' dir='ltr'><strong>Video</strong></span> 
     </span>
     <span class='ocr_line' id='line_1_18' title="bbox 352 1752 2713 1835; baseline 0.001 -22"><span class='ocrx_word' id='word_1_124' title='bbox 352 1757 511 1814; x_wconf 91' lang='lat' dir='ltr'><strong>enim</strong></span> <span class='ocrx_word' id='word_1_125' title='bbox 558 1753 629 1814; x_wconf 91' lang='lat' dir='ltr'><strong>ab</strong></span> <span class='ocrx_word' id='word_1_126' title='bbox 677 1773 748 1814; x_wconf 89' lang='lat' dir='ltr'><strong>eo</strong></span> <span class='ocrx_word' id='word_1_127' title='bbox 796 1754 913 1814; x_wconf 91' lang='lat' dir='ltr'><strong>dici</strong></span> <span class='ocrx_word' id='word_1_128' title='bbox 960 1753 1141 1815; x_wconf 89' lang='lat' dir='ltr'><strong>multa</strong></span> <span class='ocrx_word' id='word_1_129' title='bbox 1189 1771 1422 1834; x_wconf 86' lang='lat' dir='ltr'><strong>severe,</strong></span> <span class='ocrx_word' id='word_1_130' title='bbox 1473 1754 1651 1814; x_wconf 87' lang='lat' dir='ltr'><strong>multa</strong></span> <span class='ocrx_word' id='word_1_131' title='bbox 1699 1753 2020 1833; x_wconf 87' lang='lat' dir='ltr'><strong>praeclare.</strong></span> <span class='ocrx_word' id='word_1_132' title='bbox 2111 1752 2345 1835; x_wconf 90' lang='lat' dir='ltr'><strong>Itaque,</strong></span> <span class='ocrx_word' id='word_1_133' title='bbox 2403 1761 2470 1815; x_wconf 91' lang='lat' dir='ltr'><strong>ut</strong></span> <span class='ocrx_word' id='word_1_134' title='bbox 2527 1771 2713 1834; x_wconf 87' lang='lat' dir='ltr'><strong>saepe</strong></span> 
     </span>
     <span class='ocr_line' id='line_1_19' title="bbox 353 1841 2713 1924; baseline 0.001 -21"><span class='ocrx_word' id='word_1_135' title='bbox 353 1843 498 1924; x_wconf 86' lang='lat' dir='ltr'><strong>dixi,</strong></span> <span class='ocrx_word' id='word_1_136' title='bbox 563 1842 634 1903; x_wconf 88' lang='lat' dir='ltr'><strong>de</strong></span> <span class='ocrx_word' id='word_1_137' title='bbox 697 1843 967 1904; x_wconf 88' lang='lat' dir='ltr'><strong>acumine</strong></span> <span class='ocrx_word' id='word_1_138' title='bbox 1015 1844 1210 1921; x_wconf 91' lang='lat' dir='ltr'><strong>agitur</strong></span> <span class='ocrx_word' id='word_1_139' title='bbox 1256 1844 1412 1923; x_wconf 79' lang='lat' dir='ltr'><strong>eiuS‚</strong></span> <span class='ocrx_word' id='word_1_140' title='bbox 1476 1860 1597 1903; x_wconf 90' lang='lat' dir='ltr'><strong>non</strong></span> <span class='ocrx_word' id='word_1_141' title='bbox 1653 1841 1727 1904; x_wconf 89' lang='lat' dir='ltr'><strong>de</strong></span> <span class='ocrx_word' id='word_1_142' title='bbox 1783 1842 2076 1924; x_wconf 83' lang='lat' dir='ltr'><strong>moribus3</strong></span> <span class='ocrx_word' id='word_1_143' title='bbox 2143 1844 2412 1921; x_wconf 88' lang='lat' dir='ltr'><strong>quamvis</strong></span> <span class='ocrx_word' id='word_1_144' title='bbox 2458 1852 2713 1922; x_wconf 89' lang='lat' dir='ltr'><strong>spernat</strong></span> 
     </span>
     <span class='ocr_line' id='line_1_20' title="bbox 351 1930 2704 2012; baseline 0 -21"><span class='ocrx_word' id='word_1_145' title='bbox 351 1930 684 2011; x_wconf 86' lang='lat' dir='ltr'><strong>voluptates</strong></span> <span class='ocrx_word' id='word_1_146' title='bbox 742 1950 868 2012; x_wconf 78' lang='lat' dir='ltr'><strong>eaS,</strong></span> <span class='ocrx_word' id='word_1_147' title='bbox 933 1950 1081 2010; x_wconf 90' lang='lat' dir='ltr'><strong>quas</strong></span> <span class='ocrx_word' id='word_1_148' title='bbox 1139 1931 1315 1992; x_wconf 90' lang='lat' dir='ltr'><strong>modo</strong></span> <span class='ocrx_word' id='word_1_149' title='bbox 1374 1930 1657 2012; x_wconf 84' lang='lat' dir='ltr'><strong>laudavit,</strong></span> <span class='ocrx_word' id='word_1_150' title='bbox 1719 1950 1828 2010; x_wconf 90' lang='lat' dir='ltr'><strong>ego</strong></span> <span class='ocrx_word' id='word_1_151' title='bbox 1888 1939 2085 1992; x_wconf 89' lang='lat' dir='ltr'><strong>tamen</strong></span> <span class='ocrx_word' id='word_1_152' title='bbox 2145 1933 2472 1992; x_wconf 88' lang='lat' dir='ltr'><strong>meminero</strong></span> <span class='ocrx_word' id='word_1_153' title='bbox 2538 1931 2704 2011; x_wconf 88' lang='lat' dir='ltr'><strong>quod</strong></span> 
     </span>
    </p>

    <p class='ocr_par' dir='ltr' id='par_1_6' title="bbox 265 2011 2715 2544">
     <span class='ocr_line' id='line_1_21' title="bbox 297 2011 2705 2099; baseline 0.001 -20"><span class='ocrx_word' id='word_1_154' title='bbox 297 2011 312 2024; x_wconf 82' lang='lat'>&#39;</span> <span class='ocrx_word' id='word_1_155' title='bbox 352 2018 621 2081; x_wconf 86' lang='lat' dir='ltr'><strong>videatur</strong></span> <span class='ocrx_word' id='word_1_156' title='bbox 666 2022 722 2081; x_wconf 93' lang='lat' dir='ltr'><strong>ei</strong></span> <span class='ocrx_word' id='word_1_157' title='bbox 770 2038 1069 2081; x_wconf 88' lang='lat' dir='ltr'><strong>summum</strong></span> <span class='ocrx_word' id='word_1_158' title='bbox 1124 2019 1364 2081; x_wconf 88' lang='lat' dir='ltr'><strong>honum.</strong></span> <span class='ocrx_word' id='word_1_159' title='bbox 1455 2020 1587 2080; x_wconf 92' lang='lat' dir='ltr'><strong>Non</strong></span> <span class='ocrx_word' id='word_1_160' title='bbox 1643 2022 1801 2081; x_wconf 90' lang='lat' dir='ltr'><strong>enim</strong></span> <span class='ocrx_word' id='word_1_161' title='bbox 1855 2020 2037 2081; x_wconf 85' lang='lat' dir='ltr'><strong>verbo</strong></span> <span class='ocrx_word' id='word_1_162' title='bbox 2095 2019 2288 2080; x_wconf 89' lang='lat' dir='ltr'><strong>solum</strong></span> <span class='ocrx_word' id='word_1_163' title='bbox 2342 2022 2546 2099; x_wconf 87' lang='lat' dir='ltr'><strong>posuit</strong></span> <span class='ocrx_word' id='word_1_164' title='bbox 2602 2038 2705 2081; x_wconf 86' lang='lat' dir='ltr'><strong>vo·</strong></span> 
     </span>
     <span class='ocr_line' id='line_1_22' title="bbox 352 2103 2713 2192; baseline 0 -23"><span class='ocrx_word' id='word_1_165' title='bbox 352 2109 669 2192; x_wconf 87' lang='lat' dir='ltr'><strong>luptatem,</strong></span> <span class='ocrx_word' id='word_1_166' title='bbox 716 2109 821 2170; x_wconf 91' lang='lat' dir='ltr'><strong>sed</strong></span> <span class='ocrx_word' id='word_1_167' title='bbox 869 2109 1200 2188; x_wconf 85' lang='lat' dir='ltr'><strong>explanavit</strong></span> <span class='ocrx_word' id='word_1_168' title='bbox 1255 2109 1395 2188; x_wconf 88' lang='lat' dir='ltr'><strong>quid</strong></span> <span class='ocrx_word' id='word_1_169' title='bbox 1454 2109 1697 2170; x_wconf 88' lang='lat' dir='ltr'><strong>diceret.</strong></span> <span class='ocrx_word' id='word_1_170' title='bbox 1792 2103 2125 2189; x_wconf 73' lang='lat' dir='ltr'><strong>‘Saporem&#39;</strong></span> <span class='ocrx_word' id='word_1_171' title='bbox 2182 2111 2379 2188; x_wconf 90' lang='lat' dir='ltr'><strong>inquit</strong></span> <span class='ocrx_word' id='word_1_172' title='bbox 2432 2104 2519 2170; x_wconf 74' lang='lat' dir='ltr'><strong>‘et</strong></span> <span class='ocrx_word' id='word_1_173' title='bbox 2575 2127 2713 2170; x_wconf 88' lang='lat' dir='ltr'><strong>cor-</strong></span> 
     </span>
     <span class='ocr_line' id='line_1_23' title="bbox 352 2197 2714 2279; baseline 0 -20"><span class='ocrx_word' id='word_1_174' title='bbox 352 2216 568 2278; x_wconf 91' lang='lat' dir='ltr'><strong>porum</strong></span> <span class='ocrx_word' id='word_1_175' title='bbox 626 2198 979 2278; x_wconf 85' lang='lat' dir='ltr'><strong>conplexum</strong></span> <span class='ocrx_word' id='word_1_176' title='bbox 1040 2206 1101 2259; x_wconf 93' lang='lat' dir='ltr'><strong>et</strong></span> <span class='ocrx_word' id='word_1_177' title='bbox 1158 2198 1331 2259; x_wconf 90' lang='lat' dir='ltr'><strong>ludos</strong></span> <span class='ocrx_word' id='word_1_178' title='bbox 1391 2206 1569 2278; x_wconf 90' lang='lat' dir='ltr'><strong>atque</strong></span> <span class='ocrx_word' id='word_1_179' title='bbox 1632 2206 1844 2260; x_wconf 88' lang='lat' dir='ltr'><strong>cantus</strong></span> <span class='ocrx_word' id='word_1_180' title='bbox 1905 2204 1966 2259; x_wconf 92' lang='lat' dir='ltr'><strong>et</strong></span> <span class='ocrx_word' id='word_1_181' title='bbox 2024 2198 2245 2258; x_wconf 89' lang='lat' dir='ltr'><strong>formas</strong></span> <span class='ocrx_word' id='word_1_182' title='bbox 2301 2216 2427 2279; x_wconf 81' lang='lat' dir='ltr'><strong>eaS,</strong></span> <span class='ocrx_word' id='word_1_183' title='bbox 2489 2197 2714 2277; x_wconf 89' lang='lat' dir='ltr'><strong>quibus</strong></span> 
     </span>
     <span class='ocr_line' id='line_1_24' title="bbox 355 2281 2712 2369; baseline 0 -21"><span class='ocrx_word' id='word_1_184' title='bbox 355 2287 513 2349; x_wconf 92' lang='lat' dir='ltr'><strong>oculi</strong></span> <span class='ocrx_word' id='word_1_185' title='bbox 560 2286 819 2349; x_wconf 90' lang='lat' dir='ltr'><strong>iucunde</strong></span> <span class='ocrx_word' id='word_1_186' title='bbox 866 2281 1259 2349; x_wconf 65' lang='lat' dir='ltr'><strong>moveantur?</strong></span> <span class='ocrx_word' id='word_1_187' title='bbox 1349 2286 1507 2349; x_wconf 89' lang='lat' dir='ltr'><strong>Num</strong></span> <span class='ocrx_word' id='word_1_188' title='bbox 1554 2288 1739 2368; x_wconf 86' lang='lat' dir='ltr'><strong>fingo,</strong></span> <span class='ocrx_word' id='word_1_189' title='bbox 1794 2304 1942 2348; x_wconf 89' lang='lat' dir='ltr'><strong>num</strong></span> <span class='ocrx_word' id='word_1_190' title='bbox 1986 2283 2288 2348; x_wconf 75' lang='lat' dir='ltr'><strong>mentior?</strong></span> <span class='ocrx_word' id='word_1_191' title='bbox 2380 2285 2568 2369; x_wconf 89' lang='lat' dir='ltr'><strong>Cupio</strong></span> <span class='ocrx_word' id='word_1_192' title='bbox 2615 2306 2712 2350; x_wconf 89' lang='lat' dir='ltr'><strong>re·</strong></span> 
     </span>
     <span class='ocr_line' id='line_1_25' title="bbox 354 2375 2715 2458; baseline 0.001 -22"><span class='ocrx_word' id='word_1_193' title='bbox 354 2376 501 2458; x_wconf 84' lang='lat' dir='ltr'><strong>felli3</strong></span> <span class='ocrx_word' id='word_1_194' title='bbox 551 2377 692 2456; x_wconf 90' lang='lat' dir='ltr'><strong>quid</strong></span> <span class='ocrx_word' id='word_1_195' title='bbox 740 2379 899 2439; x_wconf 89' lang='lat' dir='ltr'><strong>enim</strong></span> <span class='ocrx_word' id='word_1_196' title='bbox 945 2375 1177 2458; x_wconf 90' lang='lat' dir='ltr'><strong>laboro,</strong></span> <span class='ocrx_word' id='word_1_197' title='bbox 1233 2378 1351 2437; x_wconf 90' lang='lat' dir='ltr'><strong>nisi</strong></span> <span class='ocrx_word' id='word_1_198' title='bbox 1395 2386 1464 2438; x_wconf 86' lang='lat' dir='ltr'><strong>ut</strong></span> <span class='ocrx_word' id='word_1_199' title='bbox 1509 2378 1728 2437; x_wconf 86' lang='lat' dir='ltr'><strong>veritas</strong></span> <span class='ocrx_word' id='word_1_200' title='bbox 1783 2378 1845 2437; x_wconf 94' lang='lat' dir='ltr'><strong>in</strong></span> <span class='ocrx_word' id='word_1_201' title='bbox 1901 2379 2063 2437; x_wconf 90' lang='lat' dir='ltr'><strong>omni</strong></span> <span class='ocrx_word' id='word_1_202' title='bbox 2119 2379 2466 2456; x_wconf 88' lang='lat' dir='ltr'><strong>quaestione</strong></span> <span class='ocrx_word' id='word_1_203' title='bbox 2527 2378 2715 2456; x_wconf 86' lang='lat' dir='ltr'><strong>expli·</strong></span> 
     </span>
     <span class='ocr_line' id='line_1_26' title="bbox 265 2462 2711 2544; baseline 0 -19"><span class='ocrx_word' id='word_1_204' title='bbox 265 2478 333 2527; x_wconf 83' lang='grc'><strong>47</strong></span> <span class='ocrx_word' id='word_1_205' title='bbox 359 2462 573 2527; x_wconf 75' lang='lat' dir='ltr'><strong>cetur?</strong></span> <span class='ocrx_word' id='word_1_206' title='bbox 661 2466 736 2526; x_wconf 86' lang='lat' dir='ltr'><strong>At</strong></span> <span class='ocrx_word' id='word_1_207' title='bbox 781 2465 940 2527; x_wconf 89' lang='lat' dir='ltr'><strong>idem</strong></span> <span class='ocrx_word' id='word_1_208' title='bbox 987 2468 1068 2526; x_wconf 90' lang='lat' dir='ltr'><strong>ait</strong></span> <span class='ocrx_word' id='word_1_209' title='bbox 1112 2483 1233 2525; x_wconf 93' lang='lat' dir='ltr'><strong>non</strong></span> <span class='ocrx_word' id='word_1_210' title='bbox 1281 2484 1556 2526; x_wconf 90' lang='lat' dir='ltr'><strong>crescere</strong></span> <span class='ocrx_word' id='word_1_211' title='bbox 1594 2464 1958 2544; x_wconf 85' lang='lat' dir='ltr'><strong>voluptatem</strong></span> <span class='ocrx_word' id='word_1_212' title='bbox 1995 2465 2198 2526; x_wconf 90' lang='lat' dir='ltr'><strong>dolore</strong></span> <span class='ocrx_word' id='word_1_213' title='bbox 2242 2464 2509 2527; x_wconf 89' lang='lat' dir='ltr'><strong>detracto</strong></span> <span class='ocrx_word' id='word_1_214' title='bbox 2548 2484 2711 2527; x_wconf 89' lang='lat' dir='ltr'><strong>sum·</strong></span> 
     </span>
    </p>

    <p class='ocr_par' dir='ltr' id='par_1_7' title="bbox 169 2553 2712 2634">
     <span class='ocr_line' id='line_1_27' title="bbox 169 2553 2712 2634; baseline 0.001 -20"><span class='ocrx_word' id='word_1_215' title='bbox 169 2562 174 2568; x_wconf 86' lang='lat'>&#39;</span> <span class='ocrx_word' id='word_1_216' title='bbox 359 2572 634 2634; x_wconf 88' lang='lat' dir='ltr'><strong>mamque</strong></span> <span class='ocrx_word' id='word_1_217' title='bbox 693 2573 822 2616; x_wconf 78' lang='lat' dir='ltr'><strong>esse</strong></span> <span class='ocrx_word' id='word_1_218' title='bbox 877 2553 1236 2634; x_wconf 89' lang='lat' dir='ltr'><strong>voluptatem</strong></span> <span class='ocrx_word' id='word_1_219' title='bbox 1293 2553 1436 2616; x_wconf 88' lang='lat' dir='ltr'><strong>nihil</strong></span> <span class='ocrx_word' id='word_1_220' title='bbox 1495 2553 1715 2615; x_wconf 90' lang='lat' dir='ltr'><strong>dolere.</strong></span> <span class='ocrx_word' id='word_1_221' title='bbox 1806 2553 2020 2615; x_wconf 91' lang='lat' dir='ltr'><strong>Paucis</strong></span> <span class='ocrx_word' id='word_1_222' title='bbox 2074 2553 2273 2615; x_wconf 87' lang='lat' dir='ltr'><strong>verbis</strong></span> <span class='ocrx_word' id='word_1_223' title='bbox 2329 2558 2444 2616; x_wconf 90' lang='lat' dir='ltr'><strong>tria</strong></span> <span class='ocrx_word' id='word_1_224' title='bbox 2498 2573 2712 2634; x_wconf 82' lang='lat' dir='ltr'><strong>magna</strong></span> 
     </span>
    </p>

    <p class='ocr_par' dir='ltr' id='par_1_8' title="bbox 356 2641 2710 2724">
     <span class='ocr_line' id='line_1_28' title="bbox 356 2641 2710 2724; baseline 0 -20"><span class='ocrx_word' id='word_1_225' title='bbox 356 2651 617 2722; x_wconf 88' lang='lat' dir='ltr'><strong>peccata.</strong></span> <span class='ocrx_word' id='word_1_226' title='bbox 710 2642 930 2724; x_wconf 90' lang='lat' dir='ltr'><strong>Unum,</strong></span> <span class='ocrx_word' id='word_1_227' title='bbox 981 2642 1140 2722; x_wconf 90' lang='lat' dir='ltr'><strong>quod</strong></span> <span class='ocrx_word' id='word_1_228' title='bbox 1188 2661 1395 2704; x_wconf 90' lang='lat' dir='ltr'><strong>secum</strong></span> <span class='ocrx_word' id='word_1_229' title='bbox 1440 2646 1569 2723; x_wconf 90' lang='lat' dir='ltr'><strong>ipse</strong></span> <span class='ocrx_word' id='word_1_230' title='bbox 1615 2651 1857 2723; x_wconf 90' lang='lat' dir='ltr'><strong>pugnat</strong></span> <span class='ocrx_word' id='word_1_231' title='bbox 1948 2641 2122 2705; x_wconf 90' lang='lat' dir='ltr'><strong>Modo</strong></span> <span class='ocrx_word' id='word_1_232' title='bbox 2170 2646 2327 2704; x_wconf 91' lang='lat' dir='ltr'><strong>enim</strong></span> <span class='ocrx_word' id='word_1_233' title='bbox 2384 2663 2459 2704; x_wconf 89' lang='lat' dir='ltr'><strong>ne</strong></span> <span class='ocrx_word' id='word_1_234' title='bbox 2517 2646 2710 2724; x_wconf 89' lang='lat' dir='ltr'><strong>suspi-</strong></span> 
     </span>
    </p>
   </div>
   <div class='ocr_carea' id='block_1_5' title="bbox 354 2813 1480 3580">
    <p class='ocr_par' dir='ltr' id='par_1_9' title="bbox 354 2813 1471 2955">
     <span class='ocr_line' id='line_1_29' title="bbox 426 2813 1471 2885; baseline -0.002 -15"><span class='ocrx_word' id='word_1_235' title='bbox 426 2815 711 2885; x_wconf 74' lang='lat' dir='ltr'><strong>adiunyit,</strong></span> <span class='ocrx_word' id='word_1_236' title='bbox 775 2813 1022 2869; x_wconf 65' lang='lat' dir='ltr'><strong>nmlieh</strong></span> <span class='ocrx_word' id='word_1_237' title='bbox 1075 2815 1471 2870; x_wconf 72' lang='lat' dir='ltr'><strong>Andromache.</strong></span> 
     </span>
     <span class='ocr_line' id='line_1_30' title="bbox 354 2873 1472 2955; baseline 0.001 -16"><span class='ocrx_word' id='word_1_238' title='bbox 354 2873 507 2940; x_wconf 72' lang='lat' dir='ltr'><strong>Uber</strong></span> <span class='ocrx_word' id='word_1_239' title='bbox 542 2885 632 2940; x_wconf 86' lang='lat' dir='ltr'><strong>die</strong></span> <span class='ocrx_word' id='word_1_240' title='bbox 670 2885 807 2955; x_wconf 82' lang='lat' dir='ltr'><strong>folg.</strong></span> <span class='ocrx_word' id='word_1_241' title='bbox 836 2885 1010 2940; x_wconf 87' lang='lat' dir='ltr'><strong>Verse</strong></span> <span class='ocrx_word' id='word_1_242' title='bbox 1048 2903 1091 2940; x_wconf 80' lang='lat' dir='ltr'><strong>s,</strong></span> <span class='ocrx_word' id='word_1_243' title='bbox 1130 2904 1176 2942; x_wconf 83' lang='lat' dir='ltr'><strong>z.</strong></span> <span class='ocrx_word' id='word_1_244' title='bbox 1213 2886 1240 2940; x_wconf 96' lang='lat' dir='ltr'>I</span> <span class='ocrx_word' id='word_1_245' title='bbox 1269 2891 1356 2954; x_wconf 83' lang='grc'><strong>85,</strong></span> <span class='ocrx_word' id='word_1_246' title='bbox 1385 2889 1472 2940; x_wconf 88' lang='grc'><strong>85.</strong></span> 
     </span>
    </p>

    <p class='ocr_par' dir='ltr' id='par_1_10' title="bbox 354 2952 1480 3580">
     <span class='ocr_line' id='line_1_31' title="bbox 426 2952 1474 3045; baseline 0.001 -36"><span class='ocrx_word' id='word_1_247' title='bbox 426 2961 515 3011; x_wconf 84' lang='grc'><strong>46.</strong></span> <span class='ocrx_word' id='word_1_248' title='bbox 551 2957 826 3026; x_wconf 74' lang='lat' dir='ltr'><strong>hedychri</strong></span> <span class='ocrx_word' id='word_1_249' title='bbox 900 2952 1012 3024; x_wconf 79' lang='grc' dir='ltr'><strong>ἡδύ</strong></span> <span class='ocrx_word' id='word_1_250' title='bbox 1017 2976 1215 3025; x_wconf 77' lang='grc' dir='ltr'><strong>χρουν,</strong></span> <span class='ocrx_word' id='word_1_251' title='bbox 1232 2956 1474 3045; x_wconf 35' lang='lat' dir='ltr'><strong>‘cigent-</strong></span> 
     </span>
     <span class='ocr_line' id='line_1_32' title="bbox 356 3022 1473 3112; baseline 0.002 -32"><span class='ocrx_word' id='word_1_252' title='bbox 356 3025 473 3080; x_wconf 88' lang='lat' dir='ltr'><strong>lich</strong></span> <span class='ocrx_word' id='word_1_253' title='bbox 527 3025 629 3080; x_wconf 81' lang='lat' dir='ltr'><strong>das</strong></span> <span class='ocrx_word' id='word_1_254' title='bbox 656 3026 1120 3112; x_wconf 74' lang='lat' dir='ltr'><strong>Schonfarbige,</strong></span> <span class='ocrx_word' id='word_1_255' title='bbox 1176 3027 1281 3081; x_wconf 85' lang='lat' dir='ltr'><strong>wie</strong></span> <span class='ocrx_word' id='word_1_256' title='bbox 1336 3022 1473 3096; x_wconf 77' lang='grc' dir='ltr'><em>ἡδύ-</em></span> 
     </span>
     <span class='ocr_line' id='line_1_33' title="bbox 354 3093 1473 3178; baseline 0.003 -28"><span class='ocrx_word' id='word_1_257' title='bbox 354 3116 527 3178; x_wconf 77' lang='grc' dir='ltr'><strong><em>χρουν</em></strong></span> <span class='ocrx_word' id='word_1_258' title='bbox 564 3093 879 3166; x_wconf 77' lang='grc' dir='ltr'><strong>πρόςωπον.</strong></span> <span class='ocrx_word' id='word_1_259' title='bbox 953 3098 1104 3152; x_wconf 86' lang='lat' dir='ltr'><strong>Aber</strong></span> <span class='ocrx_word' id='word_1_260' title='bbox 1129 3098 1220 3152; x_wconf 88' lang='lat' dir='ltr'><strong>die</strong></span> <span class='ocrx_word' id='word_1_261' title='bbox 1247 3098 1349 3152; x_wconf 75' lang='lat' dir='ltr'><strong>auf</strong></span> <span class='ocrx_word' id='word_1_262' title='bbox 1371 3098 1473 3154; x_wconf 80' lang='lat' dir='ltr'><strong>das</strong></span> 
     </span>
     <span class='ocr_line' id='line_1_34' title="bbox 357 3166 1473 3238; baseline 0.001 -15"><span class='ocrx_word' id='word_1_263' title='bbox 357 3166 593 3223; x_wconf 79' lang='lat' dir='ltr'><strong>Gesicht</strong></span> <span class='ocrx_word' id='word_1_264' title='bbox 609 3168 974 3238; x_wconf 75' lang='lat' dir='ltr'><strong>bezfiglichen</strong></span> <span class='ocrx_word' id='word_1_265' title='bbox 988 3168 1316 3224; x_wconf 79' lang='lat' dir='ltr'><strong>Ausdrficke</strong></span> <span class='ocrx_word' id='word_1_266' title='bbox 1335 3186 1473 3224; x_wconf 80' lang='lat' dir='ltr'><strong>wer·-</strong></span> 
     </span>
     <span class='ocr_line' id='line_1_35' title="bbox 357 3238 1476 3311; baseline 0 -17"><span class='ocrx_word' id='word_1_267' title='bbox 357 3240 464 3294; x_wconf 85' lang='lat' dir='ltr'><strong>den</strong></span> <span class='ocrx_word' id='word_1_268' title='bbox 519 3238 623 3294; x_wconf 83' lang='lat' dir='ltr'><strong>anf</strong></span> <span class='ocrx_word' id='word_1_269' title='bbox 670 3239 779 3294; x_wconf 89' lang='lat' dir='ltr'><strong>den</strong></span> <span class='ocrx_word' id='word_1_270' title='bbox 833 3239 1052 3295; x_wconf 81' lang='lat' dir='ltr'><strong>Geruch</strong></span> <span class='ocrx_word' id='word_1_271' title='bbox 1117 3241 1476 3311; x_wconf 54' lang='lat' dir='ltr'><strong>{ibent-agen,</strong></span> 
     </span>
     <span class='ocr_line' id='line_1_36' title="bbox 357 3306 1477 3381; baseline 0.001 -17"><span class='ocrx_word' id='word_1_272' title='bbox 357 3310 531 3365; x_wconf 84' lang='lat' dir='ltr'><strong>daher</strong></span> <span class='ocrx_word' id='word_1_273' title='bbox 567 3306 855 3381; x_wconf 77' lang='grc' dir='ltr'><strong><em>ἡὸύχρουν</em></strong></span> <span class='ocrx_word' id='word_1_274' title='bbox 896 3311 1019 3365; x_wconf 76' lang='lat' dir='ltr'><strong>‘das</strong></span> <span class='ocrx_word' id='word_1_275' title='bbox 1052 3311 1477 3366; x_wconf 86' lang='lat' dir='ltr'><strong>Wohlriechen-</strong></span> 
     </span>
     <span class='ocr_line' id='line_1_37' title="bbox 358 3382 1478 3438; baseline 0 -2"><span class='ocrx_word' id='word_1_276' title='bbox 358 3382 452 3436; x_wconf 88' lang='lat' dir='ltr'><strong>de&#39;</strong></span> <span class='ocrx_word' id='word_1_277' title='bbox 461 3424 473 3438; x_wconf 93' lang='lat'><strong>.</strong></span> <span class='ocrx_word' id='word_1_278' title='bbox 548 3382 623 3436; x_wconf 87' lang='lat' dir='ltr'><strong>Es</strong></span> <span class='ocrx_word' id='word_1_279' title='bbox 678 3399 796 3437; x_wconf 79' lang='lat' dir='ltr'><strong>war</strong></span> <span class='ocrx_word' id='word_1_280' title='bbox 861 3382 985 3438; x_wconf 87' lang='lat' dir='ltr'><strong>eine</strong></span> <span class='ocrx_word' id='word_1_281' title='bbox 1039 3382 1145 3436; x_wconf 84' lang='lat' dir='ltr'><strong>Art</strong></span> <span class='ocrx_word' id='word_1_282' title='bbox 1199 3382 1478 3437; x_wconf 72' lang='lat' dir='ltr'><strong>Raucher-</strong></span> 
     </span>
     <span class='ocr_line' id='line_1_38' title="bbox 356 3452 1480 3521; baseline 0.001 -15"><span class='ocrx_word' id='word_1_283' title='bbox 356 3452 539 3521; x_wconf 86' lang='lat' dir='ltr'><strong>werk,</strong></span> <span class='ocrx_word' id='word_1_284' title='bbox 577 3453 677 3507; x_wconf 80' lang='lat' dir='ltr'><strong>das</strong></span> <span class='ocrx_word' id='word_1_285' title='bbox 713 3453 1017 3509; x_wconf 83' lang='lat' dir='ltr'><strong>besonders</strong></span> <span class='ocrx_word' id='word_1_286' title='bbox 1053 3453 1114 3508; x_wconf 88' lang='lat' dir='ltr'><strong>in</strong></span> <span class='ocrx_word' id='word_1_287' title='bbox 1148 3454 1261 3509; x_wconf 83' lang='lat' dir='ltr'><strong>Kos</strong></span> <span class='ocrx_word' id='word_1_288' title='bbox 1298 3452 1480 3508; x_wconf 82' lang='lat' dir='ltr'><strong>berei·</strong></span> 
     </span>
     <span class='ocr_line' id='line_1_39' title="bbox 356 3524 1479 3580; baseline 0.001 -3"><span class='ocrx_word' id='word_1_289' title='bbox 356 3525 445 3578; x_wconf 82' lang='lat' dir='ltr'><strong>tet</strong></span> <span class='ocrx_word' id='word_1_290' title='bbox 486 3524 601 3579; x_wconf 85' lang='lat' dir='ltr'><strong>und</strong></span> <span class='ocrx_word' id='word_1_291' title='bbox 646 3524 789 3579; x_wconf 81' lang='lat' dir='ltr'><strong>auch</strong></span> <span class='ocrx_word' id='word_1_292' title='bbox 826 3525 1069 3580; x_wconf 81' lang='lat' dir='ltr'><strong>anderen</strong></span> <span class='ocrx_word' id='word_1_293' title='bbox 1105 3524 1325 3580; x_wconf 77' lang='lat' dir='ltr'><strong>Saehen</strong></span> <span class='ocrx_word' id='word_1_294' title='bbox 1360 3525 1479 3580; x_wconf 85' lang='lat' dir='ltr'><strong>bei-</strong></span> 
     </span>
    </p>
   </div>
   <div class='ocr_carea' id='block_1_6' title="bbox 1580 2816 2714 3511">
    <p class='ocr_par' dir='ltr' id='par_1_11' title="bbox 1580 2816 2714 2956">
     <span class='ocr_line' id='line_1_40' title="bbox 1585 2816 2714 2886; baseline 0.001 -17"><span class='ocrx_word' id='word_1_295' title='bbox 1585 2820 1681 2883; x_wconf 83' lang='lat'><strong>19,</strong></span> <span class='ocrx_word' id='word_1_296' title='bbox 1721 2822 1748 2869; x_wconf 91' lang='lat'>1</span> <span class='ocrx_word' id='word_1_297' title='bbox 1789 2830 1883 2886; x_wconf 73' lang='lat' dir='ltr'><strong>eyo</strong></span> <span class='ocrx_word' id='word_1_298' title='bbox 1930 2821 2112 2870; x_wconf 78' lang='lat' dir='ltr'><strong>autem</strong></span> <span class='ocrx_word' id='word_1_299' title='bbox 2158 2830 2227 2869; x_wconf 79' lang='lat' dir='ltr'><strong>ne</strong></span> <span class='ocrx_word' id='word_1_300' title='bbox 2272 2816 2444 2870; x_wconf 77' lang='lat' dir='ltr'><strong>irasci</strong></span> <span class='ocrx_word' id='word_1_301' title='bbox 2480 2831 2714 2884; x_wconf 77' lang='lat' dir='ltr'><strong>possum</strong></span> 
     </span>
     <span class='ocr_line' id='line_1_41' title="bbox 1580 2886 2467 2956; baseline 0.001 -15"><span class='ocrx_word' id='word_1_302' title='bbox 1580 2887 1796 2956; x_wconf 75' lang='lat' dir='ltr'><strong>qm&#39;dem</strong></span> <span class='ocrx_word' id='word_1_303' title='bbox 1831 2887 1932 2952; x_wconf 78' lang='lat' dir='ltr'><strong>iis,</strong></span> <span class='ocrx_word' id='word_1_304' title='bbox 1968 2901 2100 2956; x_wconf 76' lang='lat' dir='ltr'><strong>quos</strong></span> <span class='ocrx_word' id='word_1_305' title='bbox 2134 2886 2294 2940; x_wconf 80' lang='lat' dir='ltr'><strong>valde</strong></span> <span class='ocrx_word' id='word_1_306' title='bbox 2330 2902 2467 2942; x_wconf 79' lang='lat' dir='ltr'><strong>amo,</strong></span> 
     </span>
    </p>

    <p class='ocr_par' dir='ltr' id='par_1_12' title="bbox 1581 2956 2714 3240">
     <span class='ocr_line' id='line_1_42' title="bbox 1653 2956 2714 3026; baseline 0.003 -16"><span class='ocrx_word' id='word_1_307' title='bbox 1653 2957 1792 3026; x_wconf 76' lang='lat' dir='ltr'><strong>Kap.</strong></span> <span class='ocrx_word' id='word_1_308' title='bbox 1831 2956 1929 3011; x_wconf 79' lang='lat'><strong>20.</strong></span> <span class='ocrx_word' id='word_1_309' title='bbox 1984 2958 2232 3013; x_wconf 80' lang='lat' dir='ltr'><strong>verbo—</strong></span> <span class='ocrx_word' id='word_1_310' title='bbox 2164 2958 2437 3026; x_wconf 77' lang='lat' dir='ltr'><strong>——posm’t</strong></span> <span class='ocrx_word' id='word_1_311' title='bbox 2471 2958 2714 3026; x_wconf 67' lang='lat' dir='ltr'><strong>volupt„</strong></span> 
     </span>
     <span class='ocr_line' id='line_1_43' title="bbox 1583 3026 2710 3098; baseline 0.003 -16"><span class='ocrx_word' id='word_1_312' title='bbox 1583 3027 1633 3083; x_wconf 89' lang='lat' dir='ltr'><strong>d.</strong></span> <span class='ocrx_word' id='word_1_313' title='bbox 1680 3029 1716 3084; x_wconf 89' lang='lat' dir='ltr'><strong>i.</strong></span> <span class='ocrx_word' id='word_1_314' title='bbox 1774 3029 1933 3082; x_wconf 83' lang='lat' dir='ltr'><strong>verbo</strong></span> <span class='ocrx_word' id='word_1_315' title='bbox 1986 3026 2162 3083; x_wconf 75' lang='lat' dir='ltr'><strong>solum</strong></span> <span class='ocrx_word' id='word_1_316' title='bbox 2214 3029 2518 3098; x_wconf 61' lang='lat' dir='ltr'><strong>voluptatis</strong></span> <span class='ocrx_word' id='word_1_317' title='bbox 2570 3045 2710 3085; x_wconf 73' lang='lat' dir='ltr'><strong>usus</strong></span> 
     </span>
     <span class='ocr_line' id='line_1_44' title="bbox 1581 3097 2707 3170; baseline 0.001 -17"><span class='ocrx_word' id='word_1_318' title='bbox 1581 3103 1684 3165; x_wconf 77' lang='lat' dir='ltr'><strong>est,</strong></span> <span class='ocrx_word' id='word_1_319' title='bbox 1724 3114 1784 3152; x_wconf 87' lang='lat' dir='ltr'><strong>er</strong></span> <span class='ocrx_word' id='word_1_320' title='bbox 1820 3099 1922 3152; x_wconf 78' lang='lat' dir='ltr'><strong>hat</strong></span> <span class='ocrx_word' id='word_1_321' title='bbox 1956 3098 2066 3152; x_wconf 87' lang='lat' dir='ltr'><strong>den</strong></span> <span class='ocrx_word' id='word_1_322' title='bbox 2101 3097 2321 3170; x_wconf 83' lang='lat' dir='ltr'><strong>Begriff</strong></span> <span class='ocrx_word' id='word_1_323' title='bbox 2355 3099 2518 3154; x_wconf 80' lang='lat' dir='ltr'><strong>nicht</strong></span> <span class='ocrx_word' id='word_1_324' title='bbox 2552 3099 2707 3155; x_wconf 83' lang='lat' dir='ltr'><strong>bloss</strong></span> 
     </span>
     <span class='ocr_line' id='line_1_45' title="bbox 1582 3169 2539 3240; baseline 0.003 -17"><span class='ocrx_word' id='word_1_325' title='bbox 1582 3169 1759 3224; x_wconf 85' lang='lat' dir='ltr'><strong>durch</strong></span> <span class='ocrx_word' id='word_1_326' title='bbox 1797 3170 1907 3223; x_wconf 89' lang='lat' dir='ltr'><strong>ein</strong></span> <span class='ocrx_word' id='word_1_327' title='bbox 1945 3169 2108 3225; x_wconf 80' lang='lat' dir='ltr'><strong>Wort</strong></span> <span class='ocrx_word' id='word_1_328' title='bbox 2144 3170 2539 3240; x_wconf 75' lang='lat' dir='ltr'><strong>ausgedriickt.</strong></span> 
     </span>
    </p>

    <p class='ocr_par' dir='ltr' id='par_1_13' title="bbox 1624 3240 2559 3307">
     <span class='ocr_line' id='line_1_46' title="bbox 1624 3240 2559 3307; baseline -0.005 -7"><span class='ocrx_word' id='word_1_329' title='bbox 1624 3294 1629 3300; x_wconf 89' lang='lat'><strong>.</strong></span> <span class='ocrx_word' id='word_1_330' title='bbox 1654 3246 2005 3307; x_wconf 73' lang='lat' dir='ltr'><strong>moveantur,</strong></span> <span class='ocrx_word' id='word_1_331' title='bbox 2040 3240 2283 3296; x_wconf 81' lang='lat' dir='ltr'><strong>afficiert</strong></span> <span class='ocrx_word' id='word_1_332' title='bbox 2317 3242 2559 3297; x_wconf 83' lang='lat' dir='ltr'><strong>werden.</strong></span> 
     </span>
    </p>

    <p class='ocr_par' dir='ltr' id='par_1_14' title="bbox 1584 3312 2709 3511">
     <span class='ocr_line' id='line_1_47' title="bbox 1655 3312 2709 3383; baseline 0.001 -16"><span class='ocrx_word' id='word_1_333' title='bbox 1655 3317 1741 3367; x_wconf 84' lang='grc'><strong>47.</strong></span> <span class='ocrx_word' id='word_1_334' title='bbox 1779 3327 1892 3367; x_wconf 78' lang='lat' dir='ltr'><strong>non</strong></span> <span class='ocrx_word' id='word_1_335' title='bbox 1928 3327 2171 3367; x_wconf 71' lang='lat' dir='ltr'><strong>crescere.</strong></span> <span class='ocrx_word' id='word_1_336' title='bbox 2239 3312 2294 3367; x_wconf 82' lang='lat' dir='ltr'><strong>S.</strong></span> <span class='ocrx_word' id='word_1_337' title='bbox 2315 3318 2519 3378; x_wconf 72' lang='lat' dir='ltr'><strong>z.§40.</strong></span> <span class='ocrx_word' id='word_1_338' title='bbox 2577 3313 2709 3383; x_wconf 90' lang='lat' dir='ltr'><strong>Epi-</strong></span> 
     </span>
     <span class='ocr_line' id='line_1_48' title="bbox 1584 3381 2708 3452; baseline 0.004 -16"><span class='ocrx_word' id='word_1_339' title='bbox 1584 3383 1691 3437; x_wconf 83' lang='lat' dir='ltr'><strong>knr</strong></span> <span class='ocrx_word' id='word_1_340' title='bbox 1737 3381 1918 3438; x_wconf 82' lang='lat' dir='ltr'><strong>lehrte</strong></span> <span class='ocrx_word' id='word_1_341' title='bbox 1965 3383 2279 3452; x_wconf 61' lang='lat' dir='ltr'><strong>einez-mite,</strong></span> <span class='ocrx_word' id='word_1_342' title='bbox 2337 3383 2426 3438; x_wconf 90' lang='lat' dir='ltr'><strong>die</strong></span> <span class='ocrx_word' id='word_1_343' title='bbox 2470 3385 2708 3440; x_wconf 73' lang='lat' dir='ltr'><strong>hochste</strong></span> 
     </span>
     <span class='ocr_line' id='line_1_49' title="bbox 1585 3453 2709 3511; baseline 0.004 -4"><span class='ocrx_word' id='word_1_344' title='bbox 1585 3455 1726 3508; x_wconf 79' lang='lat' dir='ltr'><strong>Lust</strong></span> <span class='ocrx_word' id='word_1_345' title='bbox 1759 3455 2033 3509; x_wconf 61' lang='lat' dir='ltr'><strong>bastando</strong></span> <span class='ocrx_word' id='word_1_346' title='bbox 2069 3453 2126 3509; x_wconf 90' lang='lat' dir='ltr'><strong>in</strong></span> <span class='ocrx_word' id='word_1_347' title='bbox 2165 3455 2265 3509; x_wconf 85' lang='lat' dir='ltr'><strong>der</strong></span> <span class='ocrx_word' id='word_1_348' title='bbox 2301 3453 2552 3511; x_wconf 77' lang='lat' dir='ltr'><strong>Freiheit</strong></span> <span class='ocrx_word' id='word_1_349' title='bbox 2597 3471 2709 3511; x_wconf 84' lang='lat' dir='ltr'><strong>von</strong></span> 
     </span>
    </p>
   </div>
   <div class='ocr_carea' id='block_1_7' title="bbox 358 3595 1481 4378">
    <p class='ocr_par' dir='ltr' id='par_1_15' title="bbox 358 3595 1481 4378">
     <span class='ocr_line' id='line_1_50' title="bbox 358 3595 1480 3664; baseline 0.002 -16"><span class='ocrx_word' id='word_1_350' title='bbox 358 3595 640 3664; x_wconf 84' lang='lat' dir='ltr'><strong>gemiseht</strong></span> <span class='ocrx_word' id='word_1_351' title='bbox 683 3596 899 3664; x_wconf 81' lang='lat' dir='ltr'><strong>warde,</strong></span> <span class='ocrx_word' id='word_1_352' title='bbox 954 3614 1052 3650; x_wconf 89' lang='lat' dir='ltr'><strong>um</strong></span> <span class='ocrx_word' id='word_1_353' title='bbox 1095 3595 1269 3651; x_wconf 87' lang='lat' dir='ltr'><strong>ihnen</strong></span> <span class='ocrx_word' id='word_1_354' title='bbox 1314 3597 1480 3651; x_wconf 85' lang='lat' dir='ltr'><strong>einen</strong></span> 
     </span>
     <span class='ocr_line' id='line_1_51' title="bbox 359 3665 1481 3794; baseline 0.002 -3"><span class='ocrx_word' id='word_1_355' title='bbox 359 3666 784 3792; x_wconf 53' lang='grc' dir='ltr'><strong>ῧῖιεῒὲξθεξΐτὲῧα</strong></span> <span class='ocrx_word' id='word_1_356' title='bbox 793 3665 1012 3792; x_wconf 49' lang='grc' dir='ltr'>Θίᾷῑῖἓειιξ</span> <span class='ocrx_word' id='word_1_357' title='bbox 1026 3669 1481 3794; x_wconf 48' lang='grc' dir='ltr'>Ηὶἳῑιξεθὲθθῒὶῐζι</span> 
     </span>
     <span class='ocr_line' id='line_1_52' title="bbox 358 3807 1480 3865; baseline 0.002 -3"><span class='ocrx_word' id='word_1_358' title='bbox 358 3825 484 3862; x_wconf 86' lang='lat' dir='ltr'><strong>zum</strong></span> <span class='ocrx_word' id='word_1_359' title='bbox 531 3807 838 3863; x_wconf 84' lang='lat' dir='ltr'><strong>Anziinden</strong></span> <span class='ocrx_word' id='word_1_360' title='bbox 892 3808 990 3864; x_wconf 87' lang='lat' dir='ltr'><strong>des</strong></span> <span class='ocrx_word' id='word_1_361' title='bbox 1038 3809 1480 3865; x_wconf 64' lang='lat' dir='ltr'><strong>Rauoherwerks</strong></span> 
     </span>
     <span class='ocr_line' id='line_1_53' title="bbox 358 3879 776 3935; baseline 0.002 -3"><span class='ocrx_word' id='word_1_362' title='bbox 358 3897 426 3933; x_wconf 85' lang='lat' dir='ltr'><strong>zu</strong></span> <span class='ocrx_word' id='word_1_363' title='bbox 461 3879 776 3935; x_wconf 81' lang='lat' dir='ltr'><strong>vetstehen.</strong></span> 
     </span>
     <span class='ocr_line' id='line_1_54' title="bbox 430 3952 1251 4020; baseline 0.001 -15"><span class='ocrx_word' id='word_1_364' title='bbox 430 3952 712 4005; x_wconf 75' lang='lat' dir='ltr'><strong>videamus</strong></span> <span class='ocrx_word' id='word_1_365' title='bbox 748 3976 816 3996; x_wconf 81' lang='lat'><strong>==</strong></span> <span class='ocrx_word' id='word_1_366' title='bbox 848 3952 1251 4020; x_wconf 75' lang='lat' dir='ltr'><strong>provideamus,</strong></span> 
     </span>
     <span class='ocr_line' id='line_1_55' title="bbox 429 4022 1479 4093; baseline 0.002 -17.226"><span class='ocrx_word' id='word_1_367' title='bbox 429 4023 847 4092; x_wconf 70' lang='lat' dir='ltr'><strong>mintelleqere,</strong></span> <span class='ocrx_word' id='word_1_368' title='bbox 867 4028 919 4077; x_wconf 81' lang='lat' dir='ltr'><strong>te</strong></span> <span class='ocrx_word' id='word_1_369' title='bbox 944 4023 1175 4093; x_wconf 77' lang='lat' dir='ltr'><strong>quidem.</strong></span> <span class='ocrx_word' id='word_1_370' title='bbox 1249 4022 1354 4077; x_wconf 88' lang='lat' dir='ltr'><strong>Die</strong></span> <span class='ocrx_word' id='word_1_371' title='bbox 1381 4038 1479 4092; x_wconf 82' lang='lat' dir='ltr'><strong>ge-</strong></span> 
     </span>
     <span class='ocr_line' id='line_1_56' title="bbox 358 4092 1476 4149; baseline 0.003 -3"><span class='ocrx_word' id='word_1_372' title='bbox 358 4092 674 4147; x_wconf 76' lang='lat' dir='ltr'><strong>wohnliche</strong></span> <span class='ocrx_word' id='word_1_373' title='bbox 711 4093 1087 4149; x_wconf 80' lang='lat' dir='ltr'><strong>Wortstellnn</strong></span> <span class='ocrx_word' id='word_1_374' title='bbox 1161 4093 1237 4148; x_wconf 69' lang='lat' dir='ltr'><strong>ist·</strong></span> <span class='ocrx_word' id='word_1_375' title='bbox 1274 4110 1344 4148; x_wconf 75' lang='lat' dir='ltr'><strong>‘ne</strong></span> <span class='ocrx_word' id='word_1_376' title='bbox 1388 4095 1476 4149; x_wconf 75' lang='lat' dir='ltr'><strong>in-</strong></span> 
     </span>
     <span class='ocr_line' id='line_1_57' title="bbox 359 4164 1478 4234; baseline 0.001 -15"><span class='ocrx_word' id='word_1_377' title='bbox 359 4164 598 4233; x_wconf 70' lang='lat' dir='ltr'><strong>telleqere</strong></span> <span class='ocrx_word' id='word_1_378' title='bbox 651 4165 865 4234; x_wconf 78' lang='lat' dir='ltr'><strong>quidem</strong></span> <span class='ocrx_word' id='word_1_379' title='bbox 919 4170 999 4233; x_wconf 81' lang='lat' dir='ltr'><strong>te;</strong></span> <span class='ocrx_word' id='word_1_380' title='bbox 1055 4182 1089 4220; x_wconf 82' lang='lat' dir='ltr'><strong>a</strong></span> <span class='ocrx_word' id='word_1_381' title='bbox 1129 4181 1189 4220; x_wconf 87' lang='lat' dir='ltr'><strong>er</strong></span> <span class='ocrx_word' id='word_1_382' title='bbox 1242 4164 1354 4234; x_wconf 83' lang='lat' dir='ltr'><strong>vgl.</strong></span> <span class='ocrx_word' id='word_1_383' title='bbox 1408 4165 1478 4220; x_wconf 86' lang='lat' dir='ltr'><strong>de</strong></span> 
     </span>
     <span class='ocr_line' id='line_1_58' title="bbox 359 4234 1480 4306; baseline 0.005 -19"><span class='ocrx_word' id='word_1_384' title='bbox 359 4234 454 4291; x_wconf 88' lang='lat' dir='ltr'><strong>fin.</strong></span> <span class='ocrx_word' id='word_1_385' title='bbox 492 4234 569 4289; x_wconf 90' lang='lat' dir='ltr'><strong>IV</strong></span> <span class='ocrx_word' id='word_1_386' title='bbox 599 4241 693 4305; x_wconf 77' lang='lat'><strong>27,</strong></span> <span class='ocrx_word' id='word_1_387' title='bbox 725 4242 791 4291; x_wconf 89' lang='grc'><strong>76</strong></span> <span class='ocrx_word' id='word_1_388' title='bbox 829 4238 913 4293; x_wconf 81' lang='lat' dir='ltr'><strong>ita</strong></span> <span class='ocrx_word' id='word_1_389' title='bbox 947 4254 1017 4293; x_wconf 76' lang='lat' dir='ltr'><strong>ne</strong></span> <span class='ocrx_word' id='word_1_390' title='bbox 1051 4238 1150 4292; x_wconf 86' lang='lat' dir='ltr'><strong>hoc</strong></span> <span class='ocrx_word' id='word_1_391' title='bbox 1184 4237 1341 4291; x_wconf 83' lang='lat' dir='ltr'><strong>modo</strong></span> <span class='ocrx_word' id='word_1_392' title='bbox 1371 4253 1480 4306; x_wconf 80' lang='lat' dir='ltr'><strong>pa·</strong></span> 
     </span>
     <span class='ocr_line' id='line_1_59' title="bbox 358 4306 1479 4378; baseline -0.002 -16"><span class='ocrx_word' id='word_1_393' title='bbox 358 4308 451 4362; x_wconf 78' lang='lat' dir='ltr'><strong>ria</strong></span> <span class='ocrx_word' id='word_1_394' title='bbox 511 4308 728 4378; x_wconf 77' lang='lat' dir='ltr'><strong>quidem</strong></span> <span class='ocrx_word' id='word_1_395' title='bbox 789 4313 1030 4377; x_wconf 80' lang='lat' dir='ltr'><strong>peccata.</strong></span> <span class='ocrx_word' id='word_1_396' title='bbox 1111 4307 1187 4363; x_wconf 73' lang='lat' dir='ltr'><strong>ad</strong></span> <span class='ocrx_word' id='word_1_397' title='bbox 1247 4306 1365 4364; x_wconf 80' lang='lat' dir='ltr'><strong>Att.</strong></span> <span class='ocrx_word' id='word_1_398' title='bbox 1423 4307 1479 4362; x_wconf 94' lang='lat' dir='ltr'><strong>II</strong></span> 
     </span>
    </p>
   </div>
   <div class='ocr_carea' id='block_1_8' title="bbox 1585 3524 2741 4366">
    <p class='ocr_par' dir='ltr' id='par_1_16' title="bbox 1585 3524 2741 4294">
     <span class='ocr_line' id='line_1_60' title="bbox 1585 3524 2710 3592; baseline 0.002 -12"><span class='ocrx_word' id='word_1_399' title='bbox 1585 3524 1783 3592; x_wconf 77' lang='lat' dir='ltr'><strong>allem,</strong></span> <span class='ocrx_word' id='word_1_400' title='bbox 1828 3542 1945 3581; x_wconf 77' lang='lat' dir='ltr'><strong>was</strong></span> <span class='ocrx_word' id='word_1_401' title='bbox 1998 3526 2089 3580; x_wconf 87' lang='lat' dir='ltr'><strong>die</strong></span> <span class='ocrx_word' id='word_1_402' title='bbox 2126 3524 2288 3580; x_wconf 82' lang='lat' dir='ltr'><strong>Ruhe</strong></span> <span class='ocrx_word' id='word_1_403' title='bbox 2336 3527 2435 3581; x_wconf 84' lang='lat' dir='ltr'><strong>des</strong></span> <span class='ocrx_word' id='word_1_404' title='bbox 2473 3526 2710 3583; x_wconf 75' lang='lat' dir='ltr'><strong>Gemfits</strong></span> 
     </span>
     <span class='ocr_line' id='line_1_61' title="bbox 1587 3595 2711 3667; baseline 0.002 -16"><span class='ocrx_word' id='word_1_405' title='bbox 1587 3598 1776 3651; x_wconf 80' lang='lat' dir='ltr'><strong>storen</strong></span> <span class='ocrx_word' id='word_1_406' title='bbox 1794 3595 1981 3651; x_wconf 78' lang='lat' dir='ltr'><strong>konne</strong></span> <span class='ocrx_word' id='word_1_407' title='bbox 2000 3598 2137 3667; x_wconf 78' lang='lat' dir='ltr'><strong>(mm</strong></span> <span class='ocrx_word' id='word_1_408' title='bbox 2163 3598 2379 3667; x_wconf 77' lang='lat' dir='ltr'><strong>dolere),</strong></span> <span class='ocrx_word' id='word_1_409' title='bbox 2408 3598 2526 3653; x_wconf 87' lang='lat' dir='ltr'><strong>und</strong></span> <span class='ocrx_word' id='word_1_410' title='bbox 2552 3598 2711 3654; x_wconf 81' lang='lat' dir='ltr'><strong>diese</strong></span> 
     </span>
     <span class='ocr_line' id='line_1_62' title="bbox 1587 3667 2712 3724; baseline 0.003 -3"><span class='ocrx_word' id='word_1_411' title='bbox 1587 3667 1772 3722; x_wconf 74' lang='lat' dir='ltr'><strong>konne</strong></span> <span class='ocrx_word' id='word_1_412' title='bbox 1809 3668 1987 3722; x_wconf 86' lang='lat' dir='ltr'><strong>durch</strong></span> <span class='ocrx_word' id='word_1_413' title='bbox 2022 3668 2389 3724; x_wconf 79' lang='lat' dir='ltr'><strong>Hinzutreten</strong></span> <span class='ocrx_word' id='word_1_414' title='bbox 2425 3669 2712 3724; x_wconf 83' lang='lat' dir='ltr'><strong>einzelner</strong></span> 
     </span>
     <span class='ocr_line' id='line_1_63' title="bbox 1587 3738 2708 3822; baseline 0.003 -30"><span class='ocrx_word' id='word_1_415' title='bbox 1587 3738 2162 3822; x_wconf 83' lang='lat' dir='ltr'><strong>Lustempfinduugen</strong></span> <span class='ocrx_word' id='word_1_416' title='bbox 2206 3757 2313 3793; x_wconf 87' lang='lat' dir='ltr'><strong>nur</strong></span> <span class='ocrx_word' id='word_1_417' title='bbox 2357 3741 2708 3810; x_wconf 77' lang='lat' dir='ltr'><strong>vermannig-</strong></span> 
     </span>
     <span class='ocr_line' id='line_1_64' title="bbox 1587 3809 2708 3894; baseline 0.002 -31"><span class='ocrx_word' id='word_1_418' title='bbox 1587 3809 1807 3880; x_wconf 76' lang='lat' dir='ltr'><strong>faltigt,</strong></span> <span class='ocrx_word' id='word_1_419' title='bbox 1872 3809 2033 3866; x_wconf 84' lang='lat' dir='ltr'><strong>nicht</strong></span> <span class='ocrx_word' id='word_1_420' title='bbox 2095 3810 2404 3894; x_wconf 69' lang='lat' dir='ltr'><strong>gesteigerlj</strong></span> <span class='ocrx_word' id='word_1_421' title='bbox 2456 3813 2708 3879; x_wconf 72' lang='lat' dir='ltr'><strong>werden3</strong></span> 
     </span>
     <span class='ocr_line' id='line_1_65' title="bbox 1588 3880 2707 3938; baseline 0.004 -4"><span class='ocrx_word' id='word_1_422' title='bbox 1588 3880 1925 3936; x_wconf 80' lang='lat' dir='ltr'><strong>andrerseits</strong></span> <span class='ocrx_word' id='word_1_423' title='bbox 1962 3881 2205 3936; x_wconf 61' lang='lat' dir='ltr'><strong>erklarte</strong></span> <span class='ocrx_word' id='word_1_424' title='bbox 2233 3898 2294 3936; x_wconf 82' lang='lat' dir='ltr'><strong>er</strong></span> <span class='ocrx_word' id='word_1_425' title='bbox 2321 3881 2506 3938; x_wconf 85' lang='lat' dir='ltr'><strong>seiner</strong></span> <span class='ocrx_word' id='word_1_426' title='bbox 2532 3884 2707 3938; x_wconf 76' lang='lat' dir='ltr'><strong>mate·</strong></span> 
     </span>
     <span class='ocr_line' id='line_1_66' title="bbox 1587 3951 2708 4036; baseline 0.003 -30"><span class='ocrx_word' id='word_1_427' title='bbox 1587 3951 1964 4007; x_wconf 77' lang='lat' dir='ltr'><strong>rialistischen</strong></span> <span class='ocrx_word' id='word_1_428' title='bbox 2013 3954 2393 4023; x_wconf 82' lang='lat' dir='ltr'><strong>Auschauung</strong></span> <span class='ocrx_word' id='word_1_429' title='bbox 2456 3957 2708 4036; x_wconf 81' lang='lat' dir='ltr'><strong>entspre-</strong></span> 
     </span>
     <span class='ocr_line' id='line_1_67' title="bbox 1589 4022 2707 4106; baseline 0.004 -28"><span class='ocrx_word' id='word_1_430' title='bbox 1589 4022 1768 4078; x_wconf 86' lang='lat' dir='ltr'><strong>chend</strong></span> <span class='ocrx_word' id='word_1_431' title='bbox 1807 4022 1898 4078; x_wconf 89' lang='lat' dir='ltr'><strong>die</strong></span> <span class='ocrx_word' id='word_1_432' title='bbox 1925 4023 2280 4106; x_wconf 74' lang='lat' dir='ltr'><strong>korperliehe</strong></span> <span class='ocrx_word' id='word_1_433' title='bbox 2308 4026 2451 4080; x_wconf 73' lang='lat' dir='ltr'><strong>Luat</strong></span> <span class='ocrx_word' id='word_1_434' title='bbox 2487 4026 2579 4080; x_wconf 79' lang='lat' dir='ltr'><strong>ffir</strong></span> <span class='ocrx_word' id='word_1_435' title='bbox 2613 4024 2707 4082; x_wconf 79' lang='lat' dir='ltr'><strong>die</strong></span> 
     </span>
     <span class='ocr_line' id='line_1_68' title="bbox 1585 4092 2741 4239; baseline 0.001 -19"><span class='ocrx_word' id='word_1_436' title='bbox 1585 4082 2595 4236; x_wconf 51' lang='lat' dir='ltr'><strong>{iifflngffffiussssihflissssssgffffl</strong></span> <span class='ocrx_word' id='word_1_437' title='bbox 2628 4092 2741 4239; x_wconf 46' lang='lat' dir='ltr'><strong>gf*</strong></span> 
     </span>
     <span class='ocr_line' id='line_1_69' title="bbox 1587 4236 2367 4307; baseline 0.001 -15"><span class='ocrx_word' id='word_1_438' title='bbox 1587 4237 1658 4292; x_wconf 89' lang='lat' dir='ltr'><strong>de</strong></span> <span class='ocrx_word' id='word_1_439' title='bbox 1694 4237 1786 4291; x_wconf 85' lang='lat' dir='ltr'><strong>fin.</strong></span> <span class='ocrx_word' id='word_1_440' title='bbox 1825 4236 1880 4289; x_wconf 92' lang='lat' dir='ltr'><strong>II</strong></span> <span class='ocrx_word' id='word_1_441' title='bbox 1917 4243 1976 4306; x_wconf 84' lang='lat'><strong>5,</strong></span> <span class='ocrx_word' id='word_1_442' title='bbox 2018 4245 2100 4294; x_wconf 89' lang='grc'><strong>16.</strong></span> <span class='ocrx_word' id='word_1_443' title='bbox 2179 4244 2240 4307; x_wconf 92' lang='grc'><strong>7,</strong></span> <span class='ocrx_word' id='word_1_444' title='bbox 2280 4243 2367 4293; x_wconf 80' lang='lat'><strong>20.</strong></span> 
     </span>
    </p>

    <p class='ocr_par' dir='ltr' id='par_1_17' title="bbox 1657 4308 2706 4366">
     <span class='ocr_line' id='line_1_70' title="bbox 1657 4308 2706 4366; baseline 0.001 -2"><span class='ocrx_word' id='word_1_445' title='bbox 1657 4325 1844 4364; x_wconf 77' lang='lat' dir='ltr'><strong>unum.</strong></span> <span class='ocrx_word' id='word_1_446' title='bbox 1884 4309 2067 4364; x_wconf 87' lang='lat' dir='ltr'><strong>Wenn</strong></span> <span class='ocrx_word' id='word_1_447' title='bbox 2098 4308 2188 4365; x_wconf 84' lang='lat' dir='ltr'><strong>die</strong></span> <span class='ocrx_word' id='word_1_448' title='bbox 2207 4309 2344 4364; x_wconf 82' lang='lat' dir='ltr'><strong>Zahl</strong></span> <span class='ocrx_word' id='word_1_449' title='bbox 2365 4309 2464 4365; x_wconf 85' lang='lat' dir='ltr'><strong>der</strong></span> <span class='ocrx_word' id='word_1_450' title='bbox 2483 4309 2706 4366; x_wconf 79' lang='lat' dir='ltr'><strong>Punkte</strong></span> 
     </span>
    </p>
   </div>
   <div class='ocr_carea' id='block_1_9' title="bbox 2881 3666 2887 4232">
    <p class='ocr_par' dir='ltr' id='par_1_18' title="bbox 2881 3666 2887 4232">
     <span class='ocr_line' id='line_1_71' title="bbox 2881 3666 2887 4232; baseline 0 0"><span class='ocrx_word' id='word_1_451' title='bbox 2881 3666 2887 4232; x_wconf 95' lang='lat' dir='ltr'><strong> </strong></span> 
     </span>
    </p>
   </div>
  </div>
 </body>
</html>
