2902 4649
535 205 1137 271 TUSCULANARUM
1172 213 1785 271 DISPUTATIONUM
1822 217 1862 273 Ι.
1903 221 2132 274 51-54.
2428 214 2517 281 33

343 382 462 443 Sed
510 385 561 442 si
608 381 798 462 qualis
846 383 924 442 sit
967 384 1199 442 animus
1237 384 1363 462 ipse
1402 384 1634 444 animus
1672 386 1927 464 nesciet,
1975 384 2095 466 dic,
2143 402 2392 464 quaese,
2441 402 2515 445 ne
2539 396 2608 446 53

158 492 296 536 esse
337 471 579 552 quidem
617 490 682 532 se
721 473 896 552 sciet,
936 489 1008 531 ne
1047 473 1272 531 moveri
1312 471 1551 551 quidem
1591 469 1700 533 se?
1770 471 1858 532 Ex
1896 491 2015 552 quo
2054 472 2152 533 illa
2192 475 2340 534 ratio
2380 481 2516 534 nata

160 573 257 626 est
293 560 583 640 PlatoniS‚
631 579 780 639 quae
829 578 862 620 a
902 559 1146 620 Socrate
1197 568 1289 621 est
1328 563 1390 620 in
1428 559 1700 622 Phaedro
1741 560 2055 642 explicata,
2102 580 2134 622 a
2182 580 2277 622 me
2317 569 2516 623 autem

161 653 355 734 posita
411 658 504 711 est
556 652 619 710 in
676 656 844 709 sexto
891 647 1043 709 libro
1099 648 1173 709 de
1229 667 1295 710 re
1350 648 1604 728 publica.
1697 645 1890 721 ‘Quod
1949 669 2185 730 semper
2229 661 2519 731 movetur,
2543 649 2627 713 23

163 749 479 804 aeternum
538 747 655 820 est3
727 737 885 816 quod
952 747 1150 798 autem
1209 746 1434 799 motum
1497 737 1691 799 adfert
1753 738 1932 800 alicui
1987 739 2266 819 quodque
2322 743 2520 820 ipsum

162 834 422 913 agitatur
468 828 732 908 aliunde,
791 826 1028 907 quando
1076 826 1255 887 finem
1300 826 1480 887 habet
1526 835 1748 907 motuS,
1804 827 2062 910 vivendi⁸
2085 829 2262 889 finem
2309 828 2523 890 habeat

166 937 414 983 necesse
463 926 571 979 est.
665 916 871 978 Solum
917 917 1129 996 igitur,
1177 915 1334 994 quod
1383 933 1448 976 se
1496 918 1693 995 ipsum
1739 925 1961 997 movet,
2014 920 2150 996 quia
2200 935 2524 997 numquam

161 1011 466 1072 deseritur
511 1025 544 1067 a
590 1025 682 1088 se,
742 1022 1067 1085 numquam
1123 1022 1197 1064 ne
1253 1006 1482 1065 moveri
1535 1004 1777 1084 quidem
1830 1006 2079 1087 desinit3
2136 1008 2279 1085 quin
2346 1009 2524 1067 etiam

163 1098 384 1160 ceteris
422 1114 573 1175 quae
612 1104 925 1156 moventur
959 1093 1059 1155 hic
1097 1093 1257 1173 fons,
1302 1093 1416 1154 hoc
1454 1095 1817 1173 principium
1854 1104 1946 1156 est
1980 1095 2275 1155 movendi.
2355 1095 2524 1156 Prin·
2546 1107 2615 1156 54

166 1186 310 1267 cipii
349 1193 547 1246 autem
585 1183 744 1245 nulla
782 1192 874 1244 est
912 1185 1106 1264 orig03
1160 1201 1296 1243 nam
1335 1202 1366 1243 e
1404 1185 1699 1262 principio
1739 1187 2017 1245 oriuntur
2054 1185 2278 1265 omnia,
2322 1187 2522 1264 ipsum

169 1284 370 1338 autem
416 1273 576 1334 nulla
622 1292 694 1334 ex
741 1291 807 1333 re
855 1271 966 1333 alia
1011 1274 1176 1332 nasci
1222 1280 1447 1352 potest3
1498 1290 1609 1333 nec
1648 1275 1808 1333 enim
1846 1282 2004 1335 esset
2045 1272 2106 1333 id
2143 1275 2521 1354 principium,

165 1363 330 1446 quod
368 1364 716 1443 gigneretur
752 1361 1005 1422 aliunde.
1090 1360 1262 1433 Quod
1301 1354 1353 1422 si
1394 1379 1717 1441 numquam
1756 1364 1974 1442 oritur,
2023 1380 2097 1422 ne
2137 1361 2355 1423 occidit
2394 1365 2522 1443 qui-

168 1455 308 1516 dem
355 1469 663 1532 umquam3
711 1469 844 1512 nam
891 1452 1254 1530 principium
1301 1453 1660 1512 exstinctum
1711 1469 1821 1512 nec
1876 1453 2072 1531 ipsum
2130 1450 2202 1511 ab
2258 1450 2372 1511 alio
2430 1471 2522 1512 re-

171 1550 455 1605 nascetur
491 1559 602 1601 nec
640 1560 720 1603 ex
759 1558 822 1602 se
861 1538 1017 1600 aliud
1057 1538 1310 1621 creabit,
1357 1542 1408 1600 si
1447 1540 1687 1620 quidem
1726 1557 1972 1625 necesse
2011 1546 2104 1601 est
2149 1558 2181 1600 a
2227 1542 2523 1620 principio

168 1635 320 1694 oriri
358 1632 569 1704 emnia.
651 1629 737 1691 Ita
784 1630 850 1689 fit
897 1635 965 1689 ut
1010 1637 1209 1689 motus
1246 1630 1611 1708 principium
1659 1646 1731 1688 ex
1778 1647 1850 1689 eo
1898 1632 2001 1710 sit,
2049 1628 2209 1708 quod
2246 1631 2444 1709 ipsum
2490 1647 2525 1690 a

164 1742 232 1785 se
275 1728 573 1799 movetur3
618 1719 677 1779 id
716 1727 916 1780 autem
952 1735 1064 1778 nec
1102 1719 1265 1783 nasci
1303 1725 1504 1797 potest
1540 1736 1652 1778 nec
1688 1720 1869 1798 mori,
1906 1719 1998 1779 vel
2038 1716 2310 1779 concidat
2347 1737 2522 1780 omne

164 1810 399 1873 caelum
446 1811 757 1887 omnisque
805 1815 1018 1868 natura
1064 1809 1350 1872 consistat
1396 1824 1644 1867 necesse
1693 1815 1785 1867 est
1833 1826 1942 1868 nec
1989 1809 2107 1867 vim
2152 1806 2334 1868 ullam
2378 1826 2525 1868 nan·

161 1903 458 1978 ciscatur‚
504 1915 622 1976 qua
667 1915 705 1957 a
753 1899 945 1975 primo
992 1894 1227 1974 inpulsa
1271 1903 1597 1956 moveatur.
1690 1894 1837 1957 Cum
1876 1904 2075 1976 pateat
2110 1897 2293 1974 igitur
2330 1904 2521 1958 aeter-

164 2006 311 2049 num
357 1985 417 2046 id
467 2004 626 2066 esse,
673 1985 830 2065 quod
879 2002 944 2045 se
991 1986 1185 2063 ipsum
1233 1993 1493 2065 moveat,
1549 1987 1683 2064 quis
1731 1992 1824 2046 est
1879 1988 1983 2065 qui
2038 1985 2191 2046 hanc
2248 1994 2524 2047 naturam

167 2077 383 2137 animis
421 2092 554 2134 esse
590 2073 877 2134 tributam
915 2069 1133 2152 neget?
1207 2073 1539 2134 Inanimum
1578 2082 1670 2135 est
1708 2075 1867 2135 enim
1906 2092 2107 2154 omne,
2147 2075 2305 2153 quod
2344 2075 2523 2154 pulsu

165 2168 425 2245 agitatur
474 2171 747 2243 externo3
794 2163 954 2242 quod
1001 2170 1201 2222 autem
1247 2170 1340 2223 est
1385 2162 1626 2242 animal,
1672 2162 1733 2223 id
1781 2171 1947 2224 motu
1994 2166 2187 2224 cietur
2233 2165 2520 2223 interiore

164 2263 229 2316 et
276 2272 404 2315 suo.
496 2251 646 2312 Nam
681 2252 829 2312 haec
867 2260 959 2312 est
994 2254 1236 2332 propria
1272 2260 1485 2312 natura
1524 2254 1703 2314 animi
1750 2259 1929 2332 atque
1966 2254 2054 2312 vis
2064 2299 2083 2334 ,
2131 2270 2282 2332 quae
2329 2253 2381 2312 si
2427 2260 2521 2313 est

167 2481 471 2544 videretur,
540 2477 749 2533 idcirco
812 2478 1155 2549 assiynatum
1218 2482 1296 2533 est
1476 2483 1561 2532 54.
1599 2495 1731 2533 nam
1775 2478 2126 2566 principium
2182 2479 2288 2532 eet.
2362 2477 2530 2533 Plato

166 2553 282 2607 deo
357 2550 428 2604 de
463 2549 575 2618 leg.
618 2549 644 2603 1
681 2554 778 2617 22,
815 2555 884 2604 58
932 2550 1093 2604 cuius
1131 2566 1294 2618 prae-

167 2624 311 2692 cepti
336 2625 498 2676 tanta
523 2621 609 2674 vis
635 2625 684 2675 et
718 2625 880 2675 tanta
903 2621 1174 2676 sententia
1199 2626 1297 2686 est,

171 2698 232 2748 ut
285 2711 351 2748 ea
403 2708 518 2746 non
571 2692 781 2747 homini
832 2691 1145 2761 quoipiam,
1202 2692 1297 2747 sed

173 2764 439 2834 Delphico
476 2763 574 2818 deo
609 2762 956 2819 tribueretur.

244 2840 330 2890 53.
368 2835 516 2889 ratio
553 2859 622 2880 ε-
658 2834 1030 2889 ratiocinatio,

240 2908 306 2961 in
345 2905 601 2960 Phaedro
652 2923 707 2974 p.
755 2909 918 2960 2455.
958 2933 1025 2944 --
1067 2902 1178 2959 Cic.
1230 2903 1300 2957 de

178 2986 237 3031 re
310 2976 424 3032 ubl.
466 2976 627 3031 VIc.
666 2981 734 3030 25
773 2994 826 3030 u.
865 2981 949 3030 26.

330 3047 517 3117 Ρ..23
568 3047 713 3117 quod
739 3052 1007 3102 autem——

176 3118 367 3174 beides
402 3117 479 3172 ist
525 3137 595 3173 zu
631 3118 815 3172 einem
822 3118 1010 3201 ‚Begri
1087 3134 1299 3172 zusam-

176 3189 584 3257 menzufassen3
625 3189 750 3245 ‘das
785 3188 877 3243 ein
922 3188 1155 3244 anderes
1197 3187 1298 3243 be-

176 3260 469 3330 wegende‚
544 3260 815 3315 welches
855 3259 1111 3329 zugleich
1185 3277 1298 3314 von

176 3332 360 3386 einem
394 3331 641 3387 anderen
674 3331 900 3401 bewegt
925 3331 1107 3385 wird'.
1170 3330 1300 3385 Und

175 3402 383 3473 gerade
419 3404 479 3457 in
515 3403 614 3457 der
647 3402 885 3458 aweiten
912 3401 1301 3472 Bestimmnng

172 3475 322 3544 liegt
363 3474 460 3528 der
510 3473 704 3529 Grund
754 3473 853 3528 der
898 3472 1299 3557 Vergfinglich-

178 3545 315 3600 keit.
385 3545 498 3599 Der
544 3542 858 3616 Gegensatz
905 3563 973 3598 zu
1018 3560 1073 3600 ee
1116 3545 1300 3613 ipsum

175 3621 385 3671 moveat
434 3615 650 3671 fordert
702 3614 962 3683 deshalb,
1028 3614 1150 3669 dass
1205 3632 1299 3685 g-e

177 3686 474 3742 schrieben
500 3686 685 3741 werde
713 3688 967 3752 aliunde,
1001 3685 1162 3740 nicht
1198 3687 1298 3741 ali-

118 3758 373 3814 -eunde
445 3756 500 3811 S.
535 3760 711 3812 unten
747 3763 778 3824 ξ
816 3763 886 3812 54
922 3757 1164 3812 aliunde.

172 3845 183 3854 ·
256 3830 499 3884 movendi
555 3854 624 3875 ==
677 3821 934 3884 motionis
998 3827 1134 3883 oder
1196 3828 1298 3882 τοῦ

176 3903 483 3955 κινεισθαι.
572 3900 688 3954 Das
751 3898 1097 3955 Gerundium
1159 3897 1300 3953 wird

174 3969 468 4025 bisweilen
520 3969 601 4025 im
654 3970 822 4026 Sinne
875 3970 1027 4026 eines
1066 3968 1301 4024 Verbal-

176 4039 521 4096 substantivs
569 4042 895 4112 gebraucht.
968 4040 1123 4096 Verr.
1175 4041 1299 4096 Aet.

176 4113 203 4166 1
274 4115 352 4179 18,
405 4118 473 4166 54
526 4113 659 4167 haec
709 4114 1018 4183 frequentia
1053 4143 1125 4154 -
1161 4129 1301 4182 quae

174 4184 427 4239 convenit
462 4200 576 4239 uno
611 4188 844 4254 tempore
872 4184 1114 4253 undique
1140 4186 1301 4239 comi·

173 4255 411 4321 tiorum,
447 4255 704 4311 ludorum
736 4256 1087 4324 censendique
1114 4271 1300 4310 causa.

171 4323 336 4380 Just.
367 4323 521 4384 XVII
558 4332 620 4395 3,
664 4333 725 4381 11
766 4326 1021 4398 Arc-ybas
1059 4327 1305 4381 Athenas

170 4393 469 4453 erudiendi
502 4369 692 4468 yra'tia
727 4399 937 4454 missus,

301 4491 374 4532 En
351 4504 422 4535 m
394 4506 477 4549 κῃ
506 4496 600 4538 Cle.
629 4497 815 4540 Tuscul.

1402 2549 1605 2605 Phedr.
1645 2548 1682 2604 1.
1714 2565 1761 2605 5.
1815 2545 1991 2637 ἅρχῇς
2036 2544 2147 2636 γὰρ
2193 2543 2262 2602 ὃν
2324 2542 2533 2603 ἀπολο-

1403 2616 1578 2709 μένης
1622 2615 1754 2674 οὔτε
1793 2615 1940 2689 αὐτή
1977 2615 2108 2706 παρ’
2160 2615 2240 2674 ἔκ
2261 2637 2361 2673 του
2401 2615 2531 2674 οὔτε

1402 2687 1537 2745 ἄλλο
1577 2685 1636 2757 ἐξ
1668 2685 1891 2776 ἐκείνης
1914 2686 2243 2779 γενήσεται,
2280 2691 2440 2760 εἴπερ
2472 2685 2532 2755 ἐξ

1402 2757 1580 2833 ἀρχῆς
1617 2762 1716 2815 δεῖ
1742 2756 1813 2815 τὰ
1850 2779 2039 2816 navent
2076 2762 2394 2831 γίγνειᾙθαι

1482 2875 1548 2912 ex
1584 2874 1644 2913 eo
1678 2859 1779 2925 sit,
1816 2860 1963 2927 quod
2016 2858 2106 2913 ‘zu
2144 2859 2245 2913 der
2281 2859 2537 2930 Gattung

1410 2930 1609 2985 dessen
1651 2928 1880 2998 gehert,
1928 2930 2069 2985 das’.
2146 2930 2217 2985 de
2256 2929 2346 2987 off.
2384 2930 2412 2984 1
2449 2938 2539 3000 30,

1412 3008 1513 3056 107
1542 3002 1857 3056 duabus—
1886 3002 2112 3057 indutos
2138 3018 2246 3056 esse
2266 3003 2539 3071 personia,

1407 3088 1644 3143 quarum
1692 3088 1812 3128 una
1861 3073 2160 3128 communie
2209 3078 2286 3128 est
2336 3090 2403 3127 ex
2457 3089 2537 3141 eo,

1407 3146 1554 3214 quod
1608 3159 1788 3199 omnes
1844 3145 2143 3214 participes
2197 3161 2388 3199 sumus
2441 3162 2534 3200 ra-

1407 3217 1603 3283 tionis,
1644 3214 1828 3270 ‘daria
1863 3214 2116 3284 bostem,
2150 3214 2318 3271 dars’.

1477 3314 1560 3369 vel
1608 3314 1862 3369 concidat
1912 3314 2017 3368 eet,
2117 3305 2152 3379 ἢ
2219 3307 2410 3366 πάντα
2476 3331 2537 3368 τε

1407 3403 1659 3451 θυοανῦν
1709 3381 1901 3438 πᾶσαν
1945 3402 2005 3438 τε
2053 3380 2278 3469 γένεσιν
2326 3401 2536 3470 συμπὸ·

1408 3456 1675 3596 {⁰3⁸⁹
1644 3449 2354 3594 οὲἱῗῗηξῖἒνὲἕῗζῖή
2339 3446 2537 3580 ἶέἶῗ

1410 3628 1478 3639 —-
1510 3569 1748 3665 Seyffert
1774 3595 1968 3651 machia
1992 3595 2099 3651 mit
2125 3596 2308 3651 Recht
2336 3596 2542 3652 darauf

1409 3668 1814 3735 aufmerksem,
1884 3666 2008 3722 dass
2071 3683 2205 3722 man
2267 3666 2392 3722 hier
2454 3668 2538 3722 im

1409 3739 1668 3794 direkten
1717 3738 1799 3793 Ge
1802 3741 2067 3807 gensatze
2112 3743 2214 3794 aut
2261 3741 2538 3794 erwarten

1409 3804 1580 3876 solie,
1628 3810 1702 3865 da
1739 3811 1822 3865 vel
1860 3810 2147 3866 entweder
2191 3810 2536 3879 bezeichnet,

1410 3881 1531 3936 dass
1559 3880 1649 3936 fiir
1676 3881 1786 3936 den
1813 3883 2140 3952 gegebenen
2167 3881 2292 3936 Fau
2320 3880 2533 3951 gleich-

1406 3952 1596 4092 {wig
1616 3953 1723 4020 sei,
1752 3955 1992 4009 welches
2012 3971 2122 4009 von
2152 3952 2351 4007 beiden
2373 3953 2535 4008 stett-

1448 4024 1557 4079 nde
1650 4025 1784 4080 odet
1848 4024 1973 4079 eine
2030 4024 2144 4079 Ste
2129 4040 2366 4093 igerung
2421 4023 2537 4079 ein-

1410 4096 1591 4164 fiihrt,
1657 4095 1817 4150 ‘oder
1874 4095 2189 4150 vielmehr’.
2265 4094 2538 4150 Cic.ha1··

1409 4165 1513 4221 auf
1534 4165 1624 4221 die
1646 4166 1978 4236 Bedeutung
1996 4158 2156 4221 des*
2117 4185 2157 4233 η
2186 4164 2348 4220 nicht
2374 4141 2537 4220 recht

1374 4236 1769 4307 .a·chtgehabt.

1482 4330 1692 4380 natura
1735 4330 1787 4379 et
1829 4327 1940 4392 vis,
1996 4319 2161 4379 οὐσία
2209 4323 2306 4378 καὶ
2351 4320 2534 4393 λόγος,

1414 4395 1622 4451 Wesen
1657 4395 1773 4449 und
1812 4393 2035 4468 Begriff.

2076 4490 2108 4538 3
