2902 4649
311 148 403 213 64
1095 144 1171 199 Μ.
1210 142 1456 200 TULLII
1493 143 1877 201 CICERONIS
1950 220 1955 224 ἢ

314 332 495 395 quam
539 311 845 393 fugienda:
903 311 1050 371 haec
1109 319 1309 372 autem
1364 314 1629 392 opinatio
1685 321 1779 374 est
1832 310 2114 374 iudicatio
2172 329 2237 372 se
2297 314 2450 374 scire
2506 311 2677 392 quod

313 405 555 465 nesciat.
646 401 1051 481 Aegrotationi
1098 408 1296 461 autem
1342 401 1482 464 talia
1527 401 1818 481 quaedam
1866 400 2134 464 subiecta
2180 409 2349 463 sunt:
2407 403 2679 481 avaritia,

313 491 583 572 ambitio,
631 490 1058 570 mulierositaS‚
1102 491 1462 571 pervicacia,
1507 489 1831 571 ligurritio‚
1878 490 2224 576 vinolentia,
2271 489 2561 571 cuppedia
2608 498 2676 552 et

312 584 364 642 si
410 599 527 661 qua
574 579 804 642 similia.
894 576 1004 639 Est
1049 587 1247 640 autem
1295 581 1538 641 avaritia
1584 581 1847 660 opinatio
1894 579 2216 641 vehemens
2272 579 2347 640 de
2391 581 2671 660 pecunia,

312 672 484 750 quasi
529 668 697 730 valde
745 667 1074 748 expetenda
1128 670 1233 748 sit,
1292 668 1611 730 inhaerens
1668 677 1730 730 et
1781 670 2023 748 penitus
2078 670 2284 749 insita,
2339 668 2675 749 similisque

224 773 293 823 27
314 768 406 820 est
452 758 721 820 eiusdem
765 758 1004 837 generis
1049 755 1315 818 definitio
1368 757 1754 838 reliquarum.
1848 756 2260 819 Offensionum
2313 767 2511 819 autem
2565 757 2673 818 de·

310 849 612 909 finitiones
658 855 798 908 sunt
860 848 991 907 eius
1058 845 1244 926 modi,
1311 855 1378 907 ut
1439 845 1876 927 inhospitalitas
1939 849 2020 908 sit
2082 848 2284 926 opinio
2349 846 2677 908 vehemens

310 936 478 997 valde
525 934 873 1016 fugiendum
920 952 1051 996 esse
1097 934 1395 1014 hospitem
1441 953 1630 1014 eaque
1677 935 1997 997 inhaerens
2050 943 2113 996 et
2167 937 2408 1015 penitus
2463 937 2675 1016 insita3

312 1025 706 1105 similiterque
770 1023 1053 1085 definitur
1118 1031 1178 1085 et
1243 1024 1562 1086 mulierum
1627 1024 1857 1106 odium,
1921 1032 1990 1086 ut
2051 1024 2383 1107 Hippolyti,
2447 1033 2534 1106 et,
2596 1034 2675 1086 ut

313 1114 580 1176 Timonis
591 1162 610 1195 ‚
654 1115 895 1194 generis
940 1111 1200 1174 humani.

211 1202 295 1268 12
494 1204 688 1283 Atque
736 1210 804 1263 ut
849 1202 921 1263 ad
967 1202 1323 1263 valetudinis
1371 1201 1822 1264 similitudinem
1866 1204 2173 1265 veniamus
2229 1220 2417 1283 eaque
2473 1201 2675 1263 conla-

317 1295 477 1354 tione
525 1300 765 1354 utamur
811 1289 1151 1372 aliquando,
1198 1290 1304 1352 sed
1348 1294 1617 1373 parcius,
1673 1309 1850 1372 quam
1898 1292 2091 1353 solent
2138 1291 2352 1372 Stoici,
2408 1300 2476 1352 ut
2528 1299 2677 1354 sunt

314 1382 412 1443 alii
471 1380 545 1442 ad
605 1380 750 1441 alios
804 1379 1046 1440 morbos
1090 1379 1481 1459 procliviores
1529 1412 1611 1423 —
1660 1382 1863 1460 itaque
1925 1380 2179 1443 dicimus
2245 1380 2677 1460 gravedinosos

315 1470 630 1550 quosdam,
677 1468 966 1549 quosdam
1003 1471 1392 1549 torminosos„
1438 1487 1559 1531 non
1606 1471 1745 1550 quia
1791 1472 1908 1531 iam
1954 1472 2100 1551 sint,
2147 1469 2253 1531 sed
2300 1471 2438 1548 quia
2485 1486 2670 1549 saepe

316 1561 536 1622 -—-..sic
583 1559 681 1620 alii
727 1558 799 1620 ad
833 1565 1107 1643 metum,
1170 1557 1271 1619 alii
1326 1558 1400 1618 ad
1455 1557 1629 1620 aliam
1683 1558 2223 1638 perturbationem:
2288 1576 2361 1619 ex
2425 1576 2544 1638 quo
2610 1560 2678 1619 in

314 1648 444 1709 aliis
490 1651 783 1727 anxietas,
829 1647 988 1709 unde
1035 1648 1222 1727 anxii,
1277 1649 1339 1707 in
1397 1645 1529 1722 aliis
1583 1647 1891 1709 iracundia
1947 1648 2192 1727 dicitur,
2248 1665 2401 1726 quae
2456 1646 2530 1707 ab
2585 1649 2682 1708 ira

314 1737 542 1818 differt,
590 1746 800 1815 estque
848 1734 1007 1797 aliud
1052 1735 1409 1798 iracundum
1456 1754 1617 1817 esse,
1679 1735 1838 1797 aliud
1892 1738 2139 1817 iratum,
2197 1744 2264 1797 ut
2320 1735 2520 1797 differt
2571 1752 2679 1796 an-

314 1828 505 1887 xietas
542 1825 614 1886 ab
653 1843 906 1905 angore3
948 1842 1145 1904 neque
1185 1826 1345 1886 enim
1381 1843 1590 1887 omnes
1627 1828 1812 1905 anxii,
1858 1827 1962 1906 qui
2000 1833 2300 1905 anguntur
2337 1824 2679 1904 aliquando,

316 1932 457 1995 nec,
505 1916 608 1994 qui
655 1916 840 1995 auxii,
896 1931 1131 1993 semper
1178 1922 1512 1995 anguntur3
1568 1922 1636 1975 ut
1688 1917 1847 1975 inter
1903 1914 2253 1975 ebrietatem
2312 1921 2374 1975 et
2427 1912 2679 1978 ebriosi-

226 2018 295 2069 28
316 2011 501 2065 tatem
544 2006 826 2083 interest,
871 2000 1148 2081 aliudque
1197 2007 1290 2063 est
1335 2013 1659 2065 amatorem
1707 2021 1837 2064 esse
1886 2002 2045 2065 aliud
2083 2011 2394 2064 amantem.
2476 2002 2681 2081 Atque

301 2089 466 2153 'haec
513 2092 766 2154 aliorum
814 2090 885 2150 ad
932 2090 1078 2151 alios
1125 2090 1368 2152 morbos
1413 2091 1753 2172 proclivitas
1810 2091 1925 2153 late
1971 2099 2161 2173 patet3
2222 2109 2358 2153 nam
2413 2092 2683 2170 pertinet

317 2181 390 2242 ad
429 2199 638 2243 omnes
674 2179 1188 2261 perturbationes3
1233 2183 1296 2241 in
1333 2180 1540 2242 multis
1578 2182 1756 2242 etiam
1794 2182 1952 2242 vitiis
1990 2180 2258 2261 adparet,
2305 2180 2411 2243 sed
2449 2197 2677 2241 nomen

386 2407 520 2462 haec
556 2410 738 2462 autem
774 2406 1443 2477 opinatio:vgl.7,15

315 2479 694 2546 opinationem
749 2508 816 2519 -
870 2479 1063 2534 volunt
1116 2494 1226 2534 esse
1278 2478 1445 2533 imbe-

317 2550 506 2605 cillam
578 2550 971 2604 adsensionem.
1039 2580 1106 2589 —
1170 2550 1445 2605 iudicatio

321 2620 438 2675 und
473 2621 724 2690 opinatio
752 2620 878 2677 sind
905 2637 1016 2677 von
1044 2620 1240 2676 Cicero
1269 2620 1444 2676 selbst

318 2691 610 2763 gebildete
647 2692 888 2749 Worter.

388 2797 444 2836 se
478 2781 629 2836 scire.
705 2781 819 2835 Das
859 2780 1177 2837 Pronomen
1223 2781 1441 2836 reflexi-

317 2869 453 2906 vum
488 2852 549 2906 in
583 2852 773 2923 Bezug
819 2852 923 2906 auf
962 2853 1064 2908 das
1100 2852 1440 2922 augemeine

317 2923 659 2990 Pronomen,
697 2922 799 2977 das
834 2923 896 2978 in
930 2925 1201 2979 iudicatio
1240 2924 1441 2990 steckt,

321 2993 468 3048 ‘dass
505 3010 639 3048 man
675 2992 883 3049 wisse’.
957 3000 1008 3062 9,
1047 3000 1118 3048 20
1151 2996 1271 3049 sine
1306 3010 1442 3050 emo-

318 3066 557 3119 lumento
593 3080 709 3121 swa.
785 3063 855 3119 de
891 3065 1003 3122 inv.
1039 3066 1067 3118 I
1093 3070 1183 3134 51,
1212 3071 1281 3120 9⁷
1317 3081 1442 3120 ora-

317 3138 425 3203 tio,
470 3152 611 3206 quae
654 3140 764 3191 aut*
797 3136 889 3190 sui
934 3137 1152 3191 laudem
1198 3141 1299 3192 aut
1344 3138 1443 3191 ad-

315 3209 555 3263 versarii
624 3208 1079 3276 vituperationem
1150 3208 1442 3264 contineat.

318 3278 525 3334 defin.
574 3279 626 3333 11
682 3283 770 3347 24,
819 3283 887 3333 78
940 3279 1446 3350 Quidautemest

317 3368 507 3406 amare
542 3381 610 3390 -
646 3351 763 3405 nisi
809 3351 942 3419 velle
997 3351 1158 3406 bonis
1208 3352 1444 3420 aliquem

318 3423 477 3490 affici
522 3438 688 3491 quam
732 3422 1016 3489 maximis,
1063 3423 1227 3477 etiam
1270 3423 1324 3478 si
1368 3423 1445 3478 ad

316 3510 373 3550 se
407 3510 476 3549 ex
510 3494 585 3548 iis
619 3494 765 3547 nihil
798 3495 999 3549 redeat.

381 3582 702 3651 pervicacia
745 3581 849 3636 hat
892 3582 972 3637 im
1011 3582 1443 3655 Gegensatzzu

358 3653 631 3708 minacia
675 3652 876 3707 immor
921 3657 1085 3708 einen
1133 3654 1443 3710 tadelnden

360 3724 474 3778 inn.

390 3813 695 3883 cuppedia,
743 3812 1291 3884 Leckerhaftigkeit,
1337 3815 1445 3870 wie

319 3884 420 3939 das
469 3885 637 3939 Wort
700 3883 1047 3939 namentlich
1109 3886 1187 3939 im
1251 3885 1446 3941 Plural

319 3955 467 4010 auch
502 3955 592 4009 fiir
627 3953 1031 4011 Leckerbissen
1068 3956 1234 4013 steht.

394 4050 478 4100 27.
542 4044 738 4114 Hippo
798 4049 915 4111 tus,
979 4044 1079 4099 der
1134 4043 1289 4100 Sohn
1345 4047 1443 4101 des

319 4114 568 4171 Theseus
581 4156 596 4180 ,
624 4116 725 4171 der
789 4115 842 4171 ie
872 4115 1306 4186 Liebesantrage
1334 4117 1443 4173 sei·-

320 4203 422 4241 ner
451 4185 805 4243 Stiefmutter
830 4186 1057 4243 Phadrs.
1082 4185 1442 4256 zuriickwies‚

319 4257 463 4313 wird
508 4257 602 4312 bei
646 4258 941 4329 Euripides
992 4257 1353 4329 (Hippolytus
1389 4278 1441 4314 v.

325 4335 392 4384 10
416 4329 477 4400 f.)
514 4329 599 4384 als
635 4330 1022 4386 Weiberfeind
1059 4330 1406 4402 dargestellt.

1623 2405 1903 2486 Kasp-12.
1976 2406 2158 2477 Atque
2190 2411 2255 2462 ut
2298 2408 2405 2462 cet.
2480 2404 2681 2461 Cicero

1552 2477 1745 2532 macht
1781 2476 1945 2532 einen
1981 2494 2164 2533 neuen
2190 2477 2443 2548 Anfang‚
2479 2477 2565 2531 als
2604 2477 2678 2532 ob

1551 2564 1613 2603 er
1657 2547 1748 2603 die
1789 2548 2188 2630 kbrperlichen
2230 2547 2347 2603 und
2391 2548 2679 2618 geistigen

1550 2618 1835 2674 Zustiinde
1883 2619 2033 2674 noch
2085 2618 2246 2675 nicht
2299 2617 2681 2675 miteinander

1548 2690 1876 2773 verglichen
1912 2691 2098 2759 hatte,
2137 2692 2272 2747 aber
2299 2711 2341 2747 s.
2370 2706 2417 2749 c.
2441 2696 2508 2745 10
2536 2709 2582 2746 z.
2603 2692 2672 2752 A.

1552 2792 1619 2802 ——
1676 2761 1782 2816 Die
1846 2761 2210 2832 Hinneigung
2272 2781 2342 2817 zu
2403 2760 2681 2849 gewissen

1547 2832 1790 2888 Fehlern
1824 2834 2075 2887 nannten
2112 2832 2205 2888 die
2241 2832 2465 2889 Stoiker
2505 2828 2678 2903 εὖεμ·

1548 2905 1784 2959 πτωσίοι.
1822 2904 2052 2961 Stob.11
2071 2923 2125 2974 p
2149 2909 2250 2960 182
2279 2899 2679 2990 εὖεμπτωσίαν

1550 2972 1702 3030 εἶναι
1753 2969 2186 3062 εὖπαταφορίαν
2234 2973 2316 3037 εἰς
2359 2971 2554 3037 πάθος
2600 2995 2684 3037 ως

1550 3043 2256 3205 2555555037335233.
2268 3044 2680 3189 ,ἔρζῗοιερῖἰῗ

1551 3183 2249 3347 ἶέῗιῖχὲἐίῖἷερῖξὲξωῖῗαξ
2261 3260 2361 3316 καὶ
2388 3191 2683 3322 ,segrega

1554 3328 1692 3418 ἔργα
1728 3332 1841 3386 τῶν
1877 3327 2034 3398 παρὰ
2074 3329 2249 3401 φύσιν
2295 3326 2372 3393 ὥς
2419 3330 2503 3392 εἰς
2548 3335 2681 3387 κλο-

1551 3397 1667 3465 πὰς
1720 3400 1820 3458 καὶ
1883 3422 2013 3473 μοιχ
1980 3405 2153 3472 χείας.
2229 3402 2522 3457 Ἧῆὴιειιᾱ
2585 3402 2681 3458 die

1551 3473 2025 3529 Leidenschaften
2056 3474 2172 3530 und
2200 3473 2292 3529 die
2320 3474 2527 3528 daraus
2557 3475 2684 3528 ent·

1552 3544 1927 3627 springenden
1945 3544 2332 3600 Krankheiten
2350 3545 2513 3601 nicht
2531 3545 2685 3601 ohne

1552 3633 1717 3743 efflue
1768 3617 2005 3756 Sqlzulgl
2035 3616 2498 3756 ᾶθῗζὸΜθιιεοὶᾶεὶιιι
2536 3619 2685 3741 {lul}-

1553 3690 1901 3886 effi..
1908 3686 2685 3887 masmae}

1553 3902 1749 3957 schied
1801 3901 1880 3956 ist
1934 3901 2097 3957 nicht
2149 3902 2351 3957 immor
2403 3900 2682 3956 bewahrt.

1551 3973 1694 4028 Eine
1738 3972 1943 4029 andere
1981 3972 2468 4042 Unterscheidung
2517 3972 2684 4027 stent

1550 4044 1740 4100 Donat
1789 4062 1857 4098 zu
1908 4044 2032 4100 Ter.
2080 4045 2250 4099 Andr.
2299 4044 2327 4099 Ι
2377 4051 2424 4111 1,
2462 4049 2534 4099 49
2583 4044 2688 4099 auf

1551 4120 1766 4172 amator
1788 4116 1991 4186 finqere
2010 4121 2205 4185 potest,
2231 4132 2347 4171 non
2371 4117 2517 4171 enim
2542 4131 2680 4171 sem·

1545 4204 1647 4257 per
1684 4192 1864 4254 amat,
1901 4204 2097 4243 amans
2133 4193 2314 4243 autem
2348 4203 2468 4242 vere
2507 4191 2680 4242 amat.

1623 4264 1708 4315 28.
1747 4260 1927 4326 vitiis,
1978 4260 2120 4313 uber
2156 4259 2265 4314 den
2302 4257 2682 4315 Untersohied

1551 4346 1663 4385 von
1698 4331 1900 4387 nwrbis
1937 4347 1979 4385 s.
2020 4336 2052 4395 ξ,
2091 4335 2177 4385 29.
