2902 4649
594 122 1196 180 TUSCULANARUM
1231 122 1842 182 DISPUTATIONUM
1881 126 1976 181 IV.
2016 133 2209 182 6—10.
2481 125 2570 198 55

211 293 424 356 cadere
470 294 535 354 iu
581 294 908 372 sapientem
955 289 1433 372 aegritudinem?
1523 294 1593 354 Α.
1640 291 1899 355 Prorsus
1945 311 2066 354 non
2111 293 2387 354 arbitror.
2479 292 2566 354 M.

223 384 418 463 Atqui,
466 384 517 443 si
564 383 678 443 ista
721 380 1077 461 perturbare
1129 384 1394 443 animum
1450 384 1735 463 sapientis
1793 401 1914 445 non
1969 389 2194 463 potest,
2250 381 2409 443 nulla
2465 400 2567 462 po-

203 474 372 534 ·terit.
465 470 621 542 Quid
668 467 870 532 enim?
927 479 1199 533 metusne
1247 467 1612 533 conturbet?
1702 472 1778 533 At
1824 490 2031 533 earum
2075 489 2284 532 rerum
2328 479 2422 532 est
2467 471 2565 532 ab·

219 562 471 623 sentium
517 568 741 640 metue,
788 578 1043 639 quarum
1080 562 1489 639 praesentium
1535 568 1628 622 est
1671 561 1998 641 aegritudo.
2093 559 2337 621 Sublata
2382 562 2566 640 igitur

210 649 584 730 aegritudine
633 648 902 711 sublatus
948 658 1041 710 est
1094 656 1308 712 metus,
1400 650 1649 711 Restant
1694 650 1845 711 duae
1892 649 2401 731 perturbationeS,
2448 648 2564 711 lae—

214 741 342 799 titia
387 741 650 819 gestiens
698 748 759 800 et
802 737 1012 800 libido:
1058 756 1210 818 quae
1258 741 1310 799 si
1357 757 1478 800 non
1525 739 1741 800 cadent
1794 742 1858 800 in
1915 741 2271 820 sapientem,
2327 755 2565 819 semper

221 844 381 889 mens
420 830 535 889 erit
571 827 889 907 tranquilla
928 830 1230 907 sapientis
1303 828 1374 889 A.
1415 827 1515 889 Sic
1553 845 1805 909 prorsus
1839 828 2140 908 intellego.
2225 828 2309 888 M.
2348 826 2616 891 Utrum9

221 917 394 995 igitur
432 919 617 978 mavis
664 918 941 978 statimne
989 935 1099 977 nos
1136 917 1263 977 vela
1301 916 1500 978 faeere
1547 936 1620 978 an
1669 920 1839 997 quasi
1885 936 1916 978 e
1965 924 2144 998 portu
2189 916 2565 996 egredientes

209 1005 517 1085 paululum
570 1002 907 1085 remigare?
996 1006 1066 1066 Α.
1122 1005 1416 1077 Quidnam
1472 1013 1566 1067 est
1619 1002 1818 1068 istuc?
1872 1025 1994 1068 non
2052 1008 2212 1066 enim
2265 1005 2562 1086 intellego.
2585 1004 2628 1070 5

218 1096 300 1157 M.
367 1094 520 1166 Quia
583 1094 949 1175 Chrysippus
1015 1102 1077 1156 et
1142 1093 1355 1176 Stoici,
1427 1114 1566 1156 cum
1631 1095 1704 1156 de
1769 1097 1949 1157 animi
2013 1093 2566 1175 perturbationibus

215 1183 541 1265 disputant,
589 1201 861 1264 magnam
904 1191 1138 1262 partem
1184 1186 1247 1244 in
1290 1185 1367 1245 iis
1413 1184 1741 1264 partiendis
1788 1192 1849 1246 et
1894 1184 2246 1246 definiendis
2290 1186 2565 1266 occupati

207 1281 377 1355 sunt,
422 1273 522 1334 illa
566 1290 776 1334 eorum
822 1275 1146 1352 perexigua
1193 1275 1382 1334 oratio
1430 1282 1551 1356 est,
1612 1292 1728 1353 qua
1774 1274 2127 1349 medeantur
2184 1274 2396 1334 animis
2454 1292 2564 1335 uec

203 1380 313 1424 eos
373 1361 755 1424 turbulentos
816 1380 948 1422 esse
1003 1363 1334 1444 patiantur3
1399 1362 1782 1444 Peripatetici
1844 1370 2044 1424 autem
2108 1362 2182 1423 ad
2245 1361 2565 1443 placandos

199 1454 438 1513 animos
483 1450 670 1512 multa
724 1450 1029 1532 adferunt,
1085 1452 1286 1530 spinas
1342 1451 1639 1532 partiendi
1694 1458 1755 1512 et
1813 1451 2134 1513 definiendi
2189 1453 2566 1530 praetermit-

211 1548 366 1603 tunt:
417 1539 777 1621 quaerebam
828 1542 1010 1620 igitur
1066 1546 1270 1601 utrum
1327 1539 1651 1620 panderem
1705 1539 1834 1601 vela
1888 1542 2175 1601 orationis
2233 1543 2434 1601 statim
2490 1558 2564 1601 an

201 1647 335 1691 eam
374 1638 515 1691 ante
552 1628 861 1709 paululum
898 1628 1345 1691 dialecticorum
1382 1631 1566 1690 remis
1603 1627 2018 1708 propellerem.
2108 1630 2179 1689 Α.
2218 1627 2339 1690 Isto
2388 1629 2564 1689 modo

212 1736 374 1798 vero;
430 1721 550 1780 erit
594 1720 755 1779 enim
808 1717 922 1778 hoc
979 1724 1197 1799 totum,
1252 1717 1412 1797 quod
1469 1735 1719 1798 quaero,
1775 1736 1848 1778 ex
1905 1725 2162 1797 utroque
2218 1717 2562 1796 perfectius.

205 1807 289 1868 M.
336 1807 448 1870 Est
495 1806 555 1868 id
603 1807 844 1888 quidem
892 1808 1143 1887 rectiuS,
1200 1806 1305 1867 sed
1360 1813 1498 1887 post
1551 1808 1851 1887 requires,
1909 1808 1963 1868 si
2018 1806 2160 1886 quid
2218 1805 2401 1867 fuerit
2455 1805 2556 1867 ob·
2586 1823 2655 1874 10

208 1899 461 1959 scurius.
556 1898 625 1957 A.
671 1895 908 1957 Faciam
954 1895 1258 1974 equidem·
1306 1902 1371 1957 tu
1418 1903 1644 1977 tamen,
1696 1902 1763 1956 ut
1807 1895 1991 1977 solea,
2046 1895 2211 1956 dices
2266 1897 2381 1956 ista
2434 1897 2563 1975 ipsa

195 1983 460 2047 obscura
525 1985 789 2065 planiuS,
854 2002 1032 2065 quam
1093 1982 1376 2045 dicuntur
1435 2003 1470 2045 a
1529 1984 1788 2045 Graecis.
1881 1985 1965 2045 M.
2011 1983 2220 2045 Enitar
2267 1983 2563 2066 equidem,

205 2073 306 2134 sed
351 2076 588 2134 intento
636 2092 788 2153 opus
835 2081 929 2134 est
975 2074 1198 2158 animo,
1245 2091 1320 2133 ne
1368 2076 1566 2134 omnia
1602 2072 1966 2155 dilabantur,
2016 2076 2067 2135 si
2114 2091 2300 2134 uuum
2339 2072 2562 2154 aliquid

203 2162 500 2242 effugerit.
591 2160 910 2242 Quoniam,
970 2179 1121 2241 quae
1183 2161 1396 2223 Graeci
1454 2154 1643 2242 πάθη
1703 2170 1943 2243 vocant,
2009 2162 2182 2224 nobis
2248 2161 2561 2242 perturba-

200 2251 392 2313 tiones
461 2250 746 2332 appellari
812 2252 997 2331 magis
1061 2249 1256 2332 placet
1322 2268 1500 2331 quam
1564 2250 1834 2334 morbos,
1909 2253 1971 2312 in
2037 2251 2130 2312 his
2195 2249 2561 2332 explicandis

271 2460 529 2517 Prorsus.
606 2458 908 2527 S.z.,15
947 2466 999 2515 9.

1437 2459 1558 2514 vela
1593 2466 1739 2516 sunt.
1815 2458 2181 2514 Namentlich
2208 2458 2352 2515 liebt
2378 2459 2562 2515 Horaz

270 2564 461 2605 earum
490 2565 674 2603 rerum
699 2553 794 2615 est,
830 2547 1055 2604 bezieht
1081 2548 1203 2605 sich
1230 2548 1335 2604 auf
1437 2531 1538 2585 ‘18⁰⁸
1566 2529 2013 2586 Blld·021'm·1
2040 2536 2128 2598 34
2158 2536 2205 2586 4·
2273 2529 2351 2584 IV
2383 2536 2467 2599 15,
2496 2537 2557 2586 4.

191 2618 349 2676 dieas
384 2620 604 2690 Dinge,
641 2625 672 2686 ς
712 2588 795 2673 11’.
870 2619 950 2674 III
987 2625 1018 2686 5
1065 2625 1134 2675 83
1182 2622 1325 2675 iuvi—

201 2691 320 2746 dere
354 2692 736 2762 aeyritudinis
771 2696 864 2746 est.

268 2794 317 2847 9.
380 2790 586 2845 Utrum
629 2789 808 2871 iyitm·
852 2789 1027 2843 mavis
1070 2789 1327 2843 statimne

195 2864 302 2916 cet.
347 2859 429 2916 ist
487 2860 548 2915 in
594 2859 719 2914 eine
756 2859 937 2930 Fra-ge
992 2877 1060 2914 zu
1109 2858 1325 2927 ziehen,

198 2931 384 2988 indem
420 2932 575 2986 nach
623 2936 811 2986 utrum
848 2931 1041 3002 haufig
1075 2931 1224 2985 noch
1259 2948 1328 2986 ne

199 3020 292 3057 zur
326 3002 721 3072 Verstarkung
764 3017 837 3056 an
890 3001 992 3057 (133
1038 3004 1185 3057 erste
1231 3002 1327 3057 be·

191 3075 354 3130 tonte
381 3075 556 3130 Wort
583 3074 683 3128 der
708 3073 891 3143 Frage
921 3073 1057 3127 oder
1083 3073 1327 3128 seltener

200 3143 257 3199 in
285 3146 463 3201 Prosa
493 3163 569 3200 an
595 3149 783 3198 utrum
809 3144 987 3199 selbot
1003 3146 1329 3215 angebangt

201 3216 353 3275 wird
433 3223 530 3284 27,
585 3221 652 3270 59
709 3220 897 3269 utrum
950 3216 1161 3271 illudue
1212 3232 1329 3271 uon

191 3288 451 3344 videatur
481 3303 641 3357 aeyre
666 3287 977 3354 fermentum.
1024 3304 1079 3370 p.
1102 3286 1324 3352 Quinct.

203 3363 286 3429 30,
323 3365 392 3414 92
433 3359 533 3413 Ea
568 3374 654 3413 res
688 3375 840 3412 nune
866 3359 1011 3413 enim
1036 3358 1101 3413 in
1128 3359 1325 3414 discri-

194 3432 343 3486 mine
394 3447 429 3486 v
417 3434 676 3497 ersatur,
735 3435 925 3484 utrum
975 3430 1219 3497 possitue
1271 3445 1327 3485 se

198 3507 390 3557 eontra
439 3502 720 3556 luxuriem
768 3531 834 3541 -
881 3500 1177 3567 defendere.
1253 3501 1324 3556 de

199 3570 308 3627 inv.
346 3572 373 3626 I
401 3579 494 3642 31,
524 3578 589 3626 51
627 3574 680 3627 si
714 3573 896 3627 virum
924 3573 1028 3626 illa
1053 3573 1324 3627 meliorem

195 3643 420 3711 habeat,
481 3660 648 3713 quam
702 3649 763 3698 tu
817 3643 1007 3710 habes,
1069 3648 1326 3699 utrumne

198 3717 355 3770 tuum
390 3716 579 3771 virum
614 3716 776 3770 malis
812 3731 891 3769 an
923 3715 1094 3770 illius.

269 3813 390 3867 vela
444 3812 651 3881 faeere,
717 3813 815 3868 der
870 3813 1144 3868 seltenere
1180 3811 1324 3867 Aus-

193 3881 377 3938 druck
412 3882 507 3937 fur
550 3885 670 3938 vela
702 3884 972 3954 pandere,
1018 3884 1137 3938 vela
1171 3884 1323 3939 dare.

204 3950 355 4012 Verr.
393 3953 447 4007 V
488 3960 580 4023 34,
626 3959 697 4011 88
742 3956 978 4079 malumU
992 3954 1158 4024 eriqi,
1204 3955 1325 4010 vela

199 4024 320 4090 fieri
382 4026 694 4095 imperavit.
768 4026 872 4082 Die
926 4012 1134 4081 Ubertr

201 4042 501 4152 ahnlicher
522 4095 715 4152 Bilder
748 4115 861 4154 von
890 4098 988 4152 der
1017 4096 1150 4151 Schi
1192 4043 1324 4151 ain-f,

197 4166 303 4220 auf
333 4167 426 4223 die
455 4168 807 4224 reduerisehe
839 4167 1213 4238 Behandlung
1249 4167 1324 4222 ist

197 4236 708 4308 113οῆ3.ἷῖ31.5
772 4246 857 4295 33.
934 4239 1025 4295 Or.
1091 4245 1189 4304 23,
1256 4244 1321 4294 '15

201 4323 524 4381 quocumque
548 4310 799 4378 feremur,
840 4312 1031 4367 danda
1058 4310 1322 4367 nimirum

33 4592 252 4611 l-ffi-v—-ffi-.
265 4608 300 4611 -..
343 4610 346 4613 .

1507 2601 1652 2671 Kap.
1690 2601 1749 2658 5.
1825 2602 1999 2672 Quia,
2057 2620 2126 2655 zu
2163 2605 2440 2672 33833333
2483 2602 2562 2658 ist

1431 2672 1776 2739 sicdico,s.
1816 2672 2080 2738 z.1117,
2123 2678 2205 2726 14.

1508 2713 1785 2827 Chrys’ipp
1787 2760 1853 2799 us
1907 2749 1959 2797 et
2012 2742 2215 2810 Stoici,
2283 2741 2430 2812 Chry
2365 2743 2559 2813 tysipp

1433 2814 1549 2869 und
1597 2815 1688 2869 die
1738 2814 1907 2885 fibrig
1908 2832 1978 2870 en
2026 2814 2266 2869 Stoiker.
2342 2812 2464 2868 Cas.
2503 2815 2557 2869 b.

1434 2885 1571 2955 gall.
1614 2884 1693 2941 VI
1730 2892 1826 2955 24,
1861 2892 1894 2940 2
1934 2885 2295 2941 Eratostheni
2343 2890 2393 2939 et
2440 2887 2560 2954 qui-

1435 2958 1666 3013 busdam
1731 2957 1975 3014 Graecis.
2054 2956 2215 3012 Tuae.
2283 2956 2333 3010 V
2398 2962 2459 3024 3,
2524 2961 2556 3011 9

1433 3030 1689 3084 omnibus
1768 3030 1972 3085 studiis
2056 3029 2559 3097 contemplationem

1426 3105 1743 3168 praestare,
1795 3100 1846 3154 d.
1885 3100 1923 3155 i.
1961 3100 2213 3156 omnibus
2263 3100 2393 3155 aliis
2444 3103 2558 3154 stu·

1435 3172 1564 3227 diis.
1639 3172 1860 3228 Ebenso
1916 3171 2128 3226 Homer
2181 3170 2246 3224 n.
2303 3169 2434 3224 XIX
2488 3176 2555 3225 63

1424 3237 1654 3313 ’Ἕκτορι
1692 3240 1798 3314 μὲν
1834 3241 1933 3297 καὶ
1975 3241 2162 3310 Τρωσὶ
2207 3236 2270 3295 τὸ
2310 3240 2555 3309 κέρδιον.

1434 3315 1595 3370 Aueh
1624 3315 1724 3370 der
1747 3312 2114 3382 umgekehrte
2134 3311 2430 3367 Gebrauch
2457 3312 2557 3366 fin-

1433 3385 1533 3441 det
1596 3386 1716 3440 sich
1778 3383 1940 3439 nicht
1994 3383 2187 3438 selben.
2264 3382 2419 3438 Verr.
2478 3382 2559 3438 IV

1433 3461 1522 3525 20,
1560 3461 1628 3511 43
1679 3460 1743 3510 ut
1796 3457 1961 3510 etiam
2016 3471 2135 3510 uua
2189 3469 2313 3509 eum
2369 3456 2558 3509 ceteris

1432 3527 1642 3582 Siculis
1667 3527 2082 3595 despoliaretur.
2149 3524 2247 3597 (Er
2274 3540 2391 3580 war
2420 3526 2557 3582 aber

1434 3597 1612 3653 selbst
1647 3598 1782 3652 kein
1821 3596 2084 3667 Sikuler.)

1504 3668 1622 3724 Isto
1650 3670 1805 3724 modo
1832 3684 1984 3734 veo-0,
2022 3667 2309 3724 natfirlich
2336 3667 2438 3723 auf
2461 3668 2552 3724 die

1431 3740 1664 3796 letztere
1701 3741 1823 3794 Art.
1899 3739 1954 3794 S.
1994 3758 2038 3796 z.
2077 3739 2132 3793 Π
2173 3745 2268 3806 11,
2306 3745 2394 3794 26.

1504 3828 1572 3866 ex
1607 3816 1862 3881 utroque,
1899 3811 1951 3864 d.
1982 3810 2017 3866 i.
2057 3812 2109 3866 si
2143 3816 2377 3880 utraque
2407 3811 2558 3866 ratio

1432 3881 1920 3952 Peripateticorum
1970 3886 2033 3937 et·
2069 3881 2379 3937 Stoicorum
2429 3898 2556 3938 cou-

1429 3955 1701 4024 iunyitur.

1506 4032 1589 4081 10.
1664 4025 1880 4081 Enitar
1916 4024 2184 4095 equidem,
2228 4024 2337 4080 sed.
2413 4024 2468 4081 S.
2507 4043 2554 4082 z.

1429 4096 1484 4150 Π
1524 4103 1582 4164 5,
1624 4102 1691 4151 14
1728 4097 1868 4153 iiber
1904 4096 2164 4165 equidem.

1501 4167 1688 4237 asan:
1715 4167 1853 4223 aber
1870 4167 1960 4222 die
1970 4152 2357 4237 Ubersetzung
2377 4167 2555 4222 durch

1422 4240 1771 4308 perturbatio
1825 4239 1960 4294 oder
2024 4240 2246 4295 morbus
2299 4238 2414 4309 vgl.
2473 4237 2555 4293 111

1430 4317 1492 4380 4,
1532 4318 1581 4369 τ.
