2902 4649
338 119 425 184 60
1132 117 1205 174 M.
1244 116 1493 171 TULLII
1529 112 1914 172 CICERONIS

231 282 318 348 43
342 294 502 346 esset
548 287 652 364 qui
698 303 808 365 pro
845 287 1034 364 patria
1072 292 1264 344 morte
1304 301 1425 343 non
1464 281 1766 343 dubitaret
1793 277 2202 343 occumbere?
2294 266 2467 344 Esto:
2513 282 2717 344 fortes

341 382 401 435 et
439 374 578 436 duri
616 373 970 454 Spartiatae,
1008 381 1282 452 magnam
1319 370 1500 432 hahet
1534 373 1655 432 vim
1691 373 1781 431 rei
1817 369 2091 450 publicae
2128 370 2465 453 disciplina;
2513 367 2718 451 quid?

340 461 710 543 Cyrenaeum
755 462 1166 543 Theodorum,
1221 460 1645 540 philosophum
1699 478 1821 521 non
1874 459 2223 541 ignobilem,
2280 477 2480 520 nonne
2526 462 2717 521 mira·

340 547 521 611 mur?
577 553 676 612 cui
731 570 869 633 cum
914 549 1301 629 Lysimachus
1356 567 1465 610 rex
1512 567 1755 610 crucem
1803 550 2161 630 minaretur,
2209 544 2390 630 ‘istis,
2437 544 2718 629 quaeso’,

341 641 538 719 inquit
594 636 730 700 ‘ista
786 639 1094 700 horribilia
1153 640 1429 699 minitare
1494 640 1841 718 purpuratis
1901 640 2052 700 tuis:
2107 637 2408 699 Theodori
2461 637 2713 717 quidem

340 728 485 789 nihil
534 731 786 789 interest
831 728 1077 789 humine
1124 745 1199 788 an
1247 725 1500 788 sublime
1547 721 1864 805 putescat?

521 816 705 878 Cuius
749 817 865 877 hoc
912 816 1071 877 dicto
1120 815 1471 896 admoneor,
1521 823 1592 876 ut
1637 814 1859 895 aliquid
1908 818 2085 876 etiam
2132 813 2205 875 de
2251 815 2595 877 humatione
2648 824 2714 875 et

343 905 650 985 sepultura
697 905 1016 966 dicendum
1063 906 1425 967 existimem:
1482 922 1612 964 rem
1666 922 1785 965 non
1833 904 2166 984 difficilem,
2219 906 2294 964 iis
2346 904 2714 983 praesertim

343 995 620 1074 cognitiS,
682 1012 833 1072 quae
881 993 953 1053 de
999 993 1149 1054 nihil
1196 990 1509 1053 sentiendo
1566 993 1742 1072 paulo
1799 1003 1935 1053 ante
1993 992 2150 1054 dicta
2205 1000 2362 1053 sunt.
2453 992 2540 1053 De
2587 1010 2714 1071 qua

346 1081 622 1143 Socrates
661 1081 902 1161 quidem
941 1083 1085 1162 quid
1123 1083 1381 1142 senserit
1419 1081 1665 1161 adparet
1704 1084 1767 1142 in
1807 1100 1878 1142 eo
1925 1081 2107 1163 libro,
2152 1083 2213 1142 in
2263 1100 2382 1160 quo
2429 1082 2716 1160 moritur,

240 1170 417 1232 103de
476 1189 594 1251 quo
655 1172 775 1231 iam
821 1181 941 1232 tam
986 1171 1171 1232 multa
1219 1169 1494 1232 diximus,
1588 1170 1740 1231 Cum
1786 1172 1945 1230 enim
1992 1169 2065 1230 de
2112 1169 2533 1231 inmortalitate
2581 1172 2714 1230 ani·-

344 1277 580 1320 morum
626 1259 1050 1338 disputavisset
1105 1266 1166 1319 et
1219 1261 1337 1319 iam
1359 1299 1372 1306 «
1393 1258 1687 1320 moriendi
1733 1267 1972 1338 tempus
2019 1268 2333 1339 urgueret,
2380 1266 2628 1338 rogatus
2677 1277 2711 1319 a

346 1347 588 1408 Critone
638 1367 815 1427 quem
854 1349 926 1408 ad
964 1348 1204 1408 modum
1245 1348 1489 1427 sepeliri
1523 1346 1725 1428 vellet,
1774 1342 2062 1417 ‘multam
2089 1342 2253 1408 vero'
2300 1348 2496 1427 inquit
2541 1343 2712 1428 ‘ope-

345 1455 500 1517 ram,
548 1438 748 1517 amici,
803 1437 1027 1498 frustra
1073 1438 1444 1516 consumpsi;
1502 1436 1731 1497 Critoni
1787 1438 1948 1496 enim
1993 1443 2200 1497 nostro
2258 1454 2377 1496 non
2433 1439 2714 1515 persuasi

348 1543 441 1585 me
487 1524 626 1585 hinc
674 1524 1041 1586 avolaturum
1089 1543 1286 1604 neque
1344 1527 1460 1585 mei
1523 1527 1842 1604 quicquam
1894 1525 2261 1586 relicturum.
2352 1523 2574 1587 Verum
2620 1533 2710 1585 ta—

347 1632 513 1694 men,
551 1613 742 1694 Crito,
789 1617 842 1674 si
886 1633 981 1674 me
1029 1614 1277 1693 adsequi
1313 1616 1585 1692 potueris
1624 1621 1726 1674 aut
1770 1612 1963 1675 sicubi
1999 1620 2251 1674 nanctus
2290 1615 2436 1694 eriS,
2482 1620 2552 1673 ut
2597 1612 2713 1674 tibi

347 1701 672 1783 videbitur,
719 1702 984 1782 sepelito.
1078 1702 1214 1784 Sed,
1260 1702 1407 1762 mihi
1454 1702 1661 1784 crede,
1707 1720 1883 1762 nemo
1921 1720 2014 1762 me
2053 1710 2347 1780 vestrum,
2392 1720 2530 1763 cum
2566 1701 2715 1762 hinc

348 1809 689 1872 excessero,
737 1786 1184 1871 consequetur.'
1276 1791 1590 1852 Praeclare
1637 1793 1690 1851 is
1738 1791 2011 1871 quidem,
2073 1793 2177 1870 qui
2232 1798 2293 1851 et
2337 1792 2526 1851 amico
2573 1808 2712 1870 per·

240 1881 578 1944 104miserit
624 1888 683 1939 et
730 1898 794 1939 se
841 1879 1173 1941 ostenderit
1218 1879 1291 1940 de
1338 1880 1453 1940 hoc
1501 1888 1627 1941 toto
1665 1898 1885 1961 genere
1926 1878 2074 1939 nihil
2109 1878 2397 1940 laborare.
2489 1878 2717 1941 Durior

345 1967 664 2049 DiogeneS,
721 1974 783 2028 et
837 1970 888 2029 is
946 1968 1186 2047 quidem
1244 1970 1402 2029 idem
1458 1972 1752 2050 sentiens,
1817 1967 1923 2029 sed
1978 1975 2047 2028 ut
2102 1966 2360 2047 Cynicus
2418 1970 2715 2050 asperiuS,

2309 2157 2419 2212 Cic.
2472 2142 2718 2212 b'reucht

416 2162 584 2211 ''²⁰⁷'oe
619 2157 939 2212 ⁰⁰⁰umbere'
1016 2157 1121 2210 Dle
1167 2162 1475 2228 ampl-'ing‘
1584 2229 1709 2282 eine
1746 2228 2029 2298 derartige
2065 2228 2403 2298 Apposition
2439 2246 2572 2293 nur,
2624 2244 2713 2283 wo

1583 2158 1882 2212 emistimem
1928 2157 2232 2227 abhangig.

344 2227 495 2282 liche
558 2226 894 2297 Bedeutung
966 2245 1080 2283 von
1151 2228 1476 2294 occumbere,

349 2299 724 2369 ‘unterliegen
780 2299 934 2354 einer
990 2298 1214 2370 Sache',
1285 2298 1364 2354 ist
1415 2300 1476 2354 in

347 2370 530 2425 dieser
547 2370 860 2425 Redensart
886 2387 1186 2440 vergessen
1216 2372 1356 2425 iiber
1384 2370 1476 2426 die

347 2440 687 2509 abgeleitete
711 2440 1142 2510 ‘umkommen'‚
1162 2440 1348 2496 nodare
1373 2442 1475 2496 das

347 2512 596 2567 Verbum
650 2512 758 2566 mit
814 2511 944 2567 dem
979 2512 1169 2568 Ablat.
1219 2513 1475 2569 instrum.

344 2587 513 2638 morte
549 2582 874 2638 verbunden
912 2583 1068 2639 wird.
1144 2583 1266 2639 Liv.
1303 2585 1329 2638 I
1360 2591 1407 2650 7,
1440 2590 1471 2638 7

344 2660 515 2709 morte
542 2655 808 2710 occubuit.
866 2654 1050 2708 XXIX
1073 2661 1156 2722 18,
1178 2661 1210 2710 6
1238 2656 1477 2725 iynobili

347 2731 508 2797 atquc
542 2727 831 2781 inhonesta
864 2731 1032 2782 morte
1067 2727 1338 2781 occubuit.

418 2798 558 2866 Καρ.
598 2795 696 2853 43.
753 2796 924 2852 Esto:
950 2786 1255 2867 Ubergang
1281 2816 1349 2851 zu
1377 2814 1476 2852 an-

349 2868 521 2923 deren
566 2866 886 2937 Beispielen
941 2867 1047 2922 mit
1099 2869 1201 2922 der
1249 2868 1476 2924 Formel

349 2938 451 2993 der
500 2940 795 3004 conce-seim
855 2956 898 2993 s.
947 2937 1187 3009 Seyffert
1232 2937 1359 2993 Sch.
1410 2938 1472 2994 L.

347 3009 401 3063 H
438 3027 493 3079 p.
535 3015 638 3064 126
666 3010 705 3062 f.
781 3010 807 3063 I
844 3016 874 3075 5
912 3015 999 3065 69.

423 3080 761 3151 Cyrenaeum
777 3081 1146 3135 Theodorum:
1167 3080 1479 3151 Cyrenaeus

350 3150 426 3206 ist
460 3152 890 3221 vorangestellt‚
940 3151 1088 3205 deun
1132 3168 1247 3206 von
1293 3150 1478 3207 einem

286 3235 295 3239 ‘
349 3223 656 3293 Anhanger
720 3223 817 3277 des
872 3222 1155 3292 Aristum),
1220 3223 1323 3277 der
1387 3222 1479 3278 die

351 3293 841 3363 augenblickliche
888 3294 1027 3348 Lust
1079 3310 1205 3347 zum
1249 3293 1478 3364 Princip

353 3365 536 3420 seines
564 3365 851 3420 Handelns
887 3365 1106 3432 macht‚
1143 3365 1310 3419 sollte
1347 3383 1480 3420 man

352 3452 444 3489 am
481 3435 799 3505 wenigeten-
833 3436 1140 3490 Todesmut
1185 3439 1477 3491 erwarten.

356 3506 674 3561 Theodorus
691 3507 799 3561 mit
813 3507 942 3560 dem
954 3506 1261 3561 Beinamen
1281 3503 1478 3575 ἄθεος,

351 3577 451 3630 (161·
505 3577 596 3631 die
654 3577 916 3632 Existenz
964 3577 1161 3633 θοῇ-,66
1215 3579 1332 3633 und
1387 3578 1479 3633 die

353 3646 652 3702 Wahrheit
724 3648 826 3701 der
888 3647 1176 3704 sittlichen
1237 3648 1480 3719 Begriffe

354 3718 647 3787 leugnete,
693 3718 848 3774 lebte
894 3735 985 3771 am
1021 3720 1166 3774 Hofe
1213 3720 1311 3775 des
1349 3720 1481 3775 Pto-

353 3789 568 3844 lemiius
612 3790 794 3859 Lagi.
868 3788 1128 3844 Dieselbe
1185 3791 1481 3846 Anekdote

354 3859 570 3914 erzahlt
600 3858 713 3915 Cic.
744 3859 796 3915 V
824 3867 911 3929 40,
936 3867 1037 3916 117
1059 3863 1234 3916 etwas
1263 3863 1479 3917 andere.

367 3996 381 4017 ε
423 3932 646 4016 'iumine
693 3948 772 3986 an
815 3934 1073 3999 sublime,
1118 3928 1266 4002 ὑπὲρ
1303 3934 1408 4002 γῆς
1443 3927 1479 4002 ἢ

353 4020 468 4055 vno
507 4021 625 4071 γης.

424 4088 537 4126 rcm
571 4088 688 4128 ‘nori
722 4075 1007 4142 difficilem
1044 4073 1227 4128 bildet
1254 4074 1346 4129 die
1365 4076 1482 4144 Ap-

351 4143 601 4214 position
636 4163 704 4199 zu
741 4146 871 4199 dem
908 4145 1072 4200 Satze
1108 4145 1274 4199 ctiam
1301 4175 1369 4186 --—
1398 4148 1483 4201 di-

353 4215 614 4281 cendum;
678 4231 720 4269 ει.
779 4222 876 4284 26,
926 4221 1002 4276 ,65
1059 4231 1174 4271 non
1224 4217 1378 4271 iusta
1413 4248 1482 4258 —

353 4302 540 4342 cauea.
617 4286 731 4341 Der
756 4285 1062 4343 Accusativ
1110 4287 1188 4341 ist
1222 4286 1342 4342 also
1371 4304 1484 4344 von

1584 2316 1669 2367 er,
1706 2300 1815 2354 wie
1853 2299 2001 2369 hier,
2049 2299 2142 2354 ein
2180 2299 2362 2354 Urteil
2397 2299 2711 2370 hinzuffigt.

1587 2370 1738 2426 Orat.
1782 2377 1847 2426 16
1866 2414 1879 2438 ,
1917 2377 1985 2425 52
2036 2372 2135 2426 hoc
2169 2372 2308 2428 mihi
2342 2387 2601 2441 quaerere
2635 2372 2713 2425 vi-

1584 2442 1808 2508 debare,
1843 2444 1990 2512 quod
2023 2458 2195 2510 yenus
2230 2444 2411 2512 ipsius
2442 2444 2717 2497 orationis

1583 2519 1867 2583 optumum
1901 2514 2234 2580 iudicarem,
2273 2531 2384 2568 rem
2410 2514 2713 2581 difficilem,

1582 2585 1645 2639 di
1678 2586 2035 2651 immortales,
2083 2589 2247 2653 atquc
2281 2586 2526 2639 omnium
2563 2586 2715 2652 diffi-

1582 2656 1859 2709 cillimam.
1936 2655 2005 2709 de
2041 2654 2132 2709 fin.
2172 2656 2226 2710 II
2264 2661 2358 2724 23,
2400 2661 2466 2710 75
2523 2656 2714 2711 dicitis

1580 2742 1696 2781 ‘non
1743 2727 2047 2795 intelleyere
2104 2743 2231 2792 rios,
2292 2743 2457 2796 quam
2507 2727 2712 2781 dicatis

1580 2798 1941 2866 voluptatem;
1985 2814 2099 2852 rem
2143 2798 2393 2852 videlicet
2428 2798 2713 2865 difficilem

1582 2874 1633 2922 et
1698 2868 1997 2924 obscuram.
2073 2868 2252 2923 Einen
2315 2866 2452 2923 weit
2517 2885 2714 2939 ausge-

1583 2939 1892 2994 dehnteren
1969 2939 2266 2995 Gebrauch
2342 2956 2454 2995 von
2532 2940 2722 2994 dieser

1586 3011 1928 3079 Apposition
1962 3011 2157 3064 macht
2193 3009 2438 3065 Tacitus,

1657 3082 1724 3136 de
1773 3083 1917 3136 nihi]
1970 3083 2276 3136 sentiendo:
2339 3082 2453 3135 Das
2502 3081 2714 3136 Gerun-

1587 3151 1743 3206 dium
1796 3152 1873 3207 ist
1928 3169 2071 3224 ganz
2127 3151 2568 3208 substantivisch
2620 3169 2716 3223 ge·

1588 3222 1852 3292 braucht,
1894 3224 2027 3293 περὶ
2070 3223 2172 3279 τοῦ
2213 3220 2391 3294 μηδὲν
2443 3220 2714 3278 αἰσθάνε-

1589 3299 1745 3351 σθαι.

1658 3367 1724 3419 in
1760 3382 1820 3421 eo
1855 3367 2025 3433 libro,
2061 3367 2127 3420 iri
2161 3382 2267 3435 quo
2303 3367 2557 3430 moritur,
2597 3366 2648 3420 d.
2675 3366 2714 3420 i.

1588 3438 1653 3491 iri
1688 3454 1794 3506 quo
1829 3453 1975 3492 mors
2010 3438 2128 3492 eius
2163 3442 2448 3493 narratur.
2520 3436 2718 3492 Phado

1587 3525 1642 3577 p.
1685 3512 1788 3563 115
1801 3524 1845 3563 c.

1662 3584 1782 3634 104.
1847 3580 2066 3635 Durior
2120 3580 2394 3649 Dioqence
2429 3609 2498 3619 —-
2535 3580 2716 3645 iussit,

1590 3648 1714 3705 eine
1771 3649 2043 3720 syllepsis
2099 3651 2190 3705 fiir
2238 3651 2459 3704 Durior
2494 3650 2570 3704 D.
2623 3656 2716 3716 cet,

1589 3723 1687 3790 qui
1715 3745 1792 3761 ¹—
1829 3722 2009 3776 iussit.
2084 3723 2155 3776 de
2204 3721 2294 3776 off.
2343 3722 2371 3776 I
2411 3726 2498 3789 20,
2537 3727 2606 3776 69
2652 3723 2716 3776 in

1588 3793 1676 3847 his
1720 3793 2049 3848 nobilissimi
2087 3793 2405 3863 philosophi
2459 3793 2716 3862 lonycqwc

1581 3865 1869 3933 principes
1906 3895 1973 3905 -
2009 3880 2108 3919 nec
2138 3864 2338 3933 populi
2373 3878 2471 3917 racc
2496 3864 2713 3932 princi·

1584 3952 1724 4003 pwm
1758 3950 1931 3989 mores
1964 3935 2109 4002 ferre
2135 3939 2455 4004 potuerunt.
2486 3965 2555 3975 -
2585 3933 2713 3989 Dio-

1591 4022 1761 4075 genes
1800 4006 1875 4061 ist
1903 4006 2002 4061 der
2030 4007 2313 4061 bekannte
2344 4005 2587 4073 Cyniker
2614 4021 2711 4060 aus

1593 4076 1798 4146 Sinope
1863 4095 1960 4131 zur
2024 4077 2149 4131 Zeit
2204 4076 2553 4131 Alexanders
2616 4076 2712 4131 des

1591 4146 1844 4203 Grossen.
1916 4147 2078 4203 Nach
2126 4148 2362 4202 anderer
2396 4146 2714 4218 Erzahlung

1589 4218 1783 4273 befahl
1819 4235 1904 4287 er,
1956 4219 2148 4275 seinen
2200 4218 2420 4287 Korper
2472 4218 2577 4272 auf
2625 4218 2714 4276 die

1593 4287 1802 4344 Strasse
1849 4307 1917 4343 zu
1960 4290 2195 4357 wel-fen,
2243 4290 2340 4342 ἵνα
2389 4294 2508 4352 τοῖς
2553 4284 2715 4346 ἀδελ·
2805 4299 2810 4302 “
2859 4295 2864 4304 ’
