2902 4649
580 96 1182 152 TUSCULANARUM
1205 82 1824 156 'DISPUTATIONUM
1858 98 1928 154 11.
1968 105 2195 168 eas-6⁷.
2436 102 2565 168 105

191 266 525 348 exsultant,
582 264 984 327 lamentantur
1038 267 1102 326 in
1158 261 1386 326 morbo.
1477 264 1638 327 Nihil
1694 267 1852 328 enim
1907 273 2107 346 potest
2162 284 2296 329 esse
2351 287 2563 349 aequa·

190 355 344 439 bile,
394 354 553 436 quod
600 371 721 416 non
770 373 803 415 a
851 363 1015 416 certa
1061 355 1292 416 ratione
1339 355 1772 434 proficiscatur.
1806 377 1822 393 ·

382 444 504 506 Sed
562 462 700 506 cum
756 443 957 504 videas
1015 461 1146 526 θος,
1203 445 1305 524 qui
1362 451 1465 505 aut
1519 444 1718 505 studio
1774 453 1875 506 aut
1925 446 2203 525 opinione
2251 445 2566 530 ducantur,
2584 464 2661 514 66-

190 537 259 604 in
332 552 404 596 eo
463 532 882 613 persequendo
947 540 1126 611 atque
1190 532 1571 612 adipiscendo
1628 532 1832 594 dolore
1887 551 2009 595 non
2063 534 2283 616 frangi,
2347 535 2565 598 debeas

199 625 547 685 existimare
601 631 708 683 aut
735 619 885 683 'non
940 639 1075 683 esse
1120 621 1343 684 malum
1389 620 1659 683 dolorem
1714 629 1842 705 aut,
1902 625 2081 684 etiam
2141 625 2219 705 si,
2279 626 2565 704 quicquid

188 730 477 793 asperum
525 709 909 791 alienumque
966 718 1180 773 natura
1235 712 1342 792 sit,
1397 710 1460 772 id
1517 710 1801 791 appellari
1853 711 2085 792 placeat
2135 712 2383 794 malum,
2439 722 2569 776 tan·

187 801 389 864 tulum
426 808 625 862 tamen
678 817 840 881 esse,
885 807 954 862 ut
997 818 1032 860 a
1079 801 1299 862 virtute
1334 802 1417 860 ita
1455 799 1774 880 obruatur,
1819 809 1888 861 ut
1929 819 2226 880 nusquam
2264 802 2565 883 adpareat.

191 891 364 962 Quae
405 889 724 970 meditare,
771 906 1022 970 quaeso,
1066 888 1195 950 dies
1241 897 1302 949 et
1349 896 1575 950 noctes.
1667 888 1874 951 Latius
1912 891 2073 950 enim
2118 890 2383 952 manabit
2417 890 2564 954 haec

188 981 349 1041 ratio
407 987 467 1039 et
514 978 813 1057 aliquanto
860 979 1145 1039 maiorem
1190 977 1392 1038 locum
1438 996 1619 1056 quam
1674 977 1747 1038 de
1803 996 1925 1039 uno
1973 978 2177 1039 dolore
2232 980 2565 1060 occupabit.

197 1068 355 1129 Nam
420 1071 473 1128 si
537 1068 733 1128 omnia
800 1066 1113 1146 fugiendae
1178 1067 1572 1146 turpitudinis
1636 1066 2169 1147 adipiscendaeque
2234 1066 2564 1131 honestatis

201 1175 386 1218 causa
431 1157 747 1237 faciemus,
792 1173 914 1216 non
958 1155 1137 1216 modo
1176 1155 1449 1216 stimulos
1489 1154 1739 1236 doloriS,
1786 1155 1889 1217 sed
1938 1159 2115 1217 etiam
2152 1156 2398 1217 fulmina
2444 1159 2563 1220 for-

192 1257 379 1308 tunae
428 1253 880 1307 contemnamus
933 1243 1163 1325 licebit,
1216 1246 1575 1324 praesertim
1632 1262 1770 1305 cum
1824 1253 2097 1325 paratum
2154 1247 2233 1306 sit
2286 1245 2432 1306 illud
2488 1265 2562 1308 ex

184 1334 478 1396 hesterna
523 1333 923 1415 disputatione
970 1334 1327 1413 perfugium.
1420 1332 1502 1394 Ut
1546 1334 1708 1394 enim
1765 1336 1817 1394 si
1863 1335 1962 1395 cui
2007 1335 2334 1415 naviganti,
2390 1353 2558 1414 prae·
2582 1352 2651 1403 67

194 1423 388 1485 dones
432 1427 490 1484 si
531 1425 954 1503 insequantur,
1012 1421 1161 1482 deus
1217 1424 1322 1501 qui
1369 1422 1588 1483 dixerit
1636 1417 1785 1483 teice
1842 1430 1902 1484 te
1958 1425 2119 1503 navi3
2175 1430 2414 1503 praesto
2472 1433 2565 1485 est

192 1515 304 1593 qui
369 1514 652 1595 excipiat,
709 1511 801 1572 vel
857 1509 1202 1593 delphinus,
1259 1518 1328 1572 ut
1381 1512 1663 1571 Arionem
1719 1509 2224 1593 Methymnaeam,
2277 1511 2370 1571 vel
2427 1515 2566 1592 equi

186 1601 434 1681 Pelopis
495 1599 581 1662 illi
642 1599 955 1680 Neptunii,
1017 1601 1121 1680 qui
1174 1618 1295 1678 per
1354 1602 1559 1661 undas
1619 1607 1847 1661 currus
1906 1618 2226 1679 suspensos
2284 1605 2567 1678 rapuisse

187 1691 512 1773 dicuntur,
580 1690 881 1768 excipient
943 1697 1003 1749 te
1069 1697 1131 1750 et
1198 1707 1316 1767 quo
1381 1687 1530 1749 velis
1602 1684 1954 1770 perferent',
2026 1706 2263 1750 omnem
2329 1692 2564 1751 omittat

175 1936 362 2001 6,11
415 1932 615 1986 Auara
662 1935 712 1985 et
755 1931 1094 1999 feneratoria
1135 1929 1324 1986 Gallo-

181 1974 1106 2141 bissffo'ssssss'n‘itmivsussssss'sstm?
1125 2000 1326 2142 <1ss?ssss

182 2146 308 2202 acie
370 2145 578 2215 yaudio
645 2144 971 2200 eaeultabaut
1043 2149 1324 2214 tamquam

181 2216 418 2289 qtoriosi
461 2220 511 2270 et
565 2216 798 2282 feliciter
853 2216 972 2271 vita
1025 2217 1319 2282 excessuri,

185 2288 642 2345 lamentabantur
677 2288 742 2342 iu
768 2287 982 2355 morbo,
1018 2288 1181 2357 quasi
1207 2292 1324 2342 tur·

176 2360 338 2513 m
363 2359 774 2499 ⁶521z²²²⁸i⁹iffl²f
775 2360 1134 2498 ⁶2ssmess
1168 2358 1322 2484 &55

186 2502 272 2558 sie
310 2501 422 2555 den
449 2499 571 2555 Tod
607 2500 708 2556 auf
739 2501 870 2555 dem
896 2500 1320 2556 Krankenbette

186 2572 284 2628 fiir
312 2572 497 2627 ehrlos
533 2572 755 2640 halten,
797 2570 1035 2626 sondem
1070 2571 1203 2626 weil
1239 2569 1319 2627 sie

189 2644 305 2698 den
327 2642 588 2701 Schmetz
604 2641 766 2698 nicht
784 2646 1047 2712 etti-agen
1075 2642 1317 2699 konnen.

262 2720 347 2770 66.
405 2719 506 2768 aut
561 2715 847 2797 opinione.-
899 2712 1013 2783 vgl.
1060 2718 1091 2779 ὅ
1130 2718 1199 2768 63
1254 2714 1320 2768 in

182 2786 387 2854 vulqus
440 2785 826 2855 insipientium
888 2785 1080 2854 opinio
1142 2785 1325 2840 valeat

73 2882 74 2893 a
183 2857 502 2912 honestatis.

75 2964 76 2971 κ
261 2942 379 2982 mon
416 2942 524 2981 esse
559 2927 794 2993 malum,
834 2924 937 2980 wie
967 2925 1059 2981 die
1079 2925 1321 2996 swiker,

185 3003 396 3053 aut—
435 2997 714 3052 tantulum
742 2996 877 3065 eet„
914 2996 1022 3051 wie
1049 2997 1139 3051 die
1169 2997 1320 3053 Peri-

184 3066 477 3139 patetiker
509 3067 750 3123 lehrten.
825 3067 879 3122 S.
922 3072 1015 3137 18,
1051 3073 1139 3124 42.

258 3140 407 3195 illud
444 3155 511 3193 ex
545 3139 796 3194 hesterna
831 3139 939 3194 cet.
1011 3139 1141 3209 Vgl.
1174 3140 1201 3193 Ι
1229 3145 1316 3209 49,

191 3216 323 3279 118,
369 3227 459 3265 wo
497 3208 596 3266 der
632 3208 752 3264 'I'od
791 3214 993 3279 portus
1037 3216 1088 3265 et
1127 3212 1321 3280 perfu-

185 3280 804 3409 ffifflgffiffitffi}
847 3280 1321 3408 ἒέἓῧένὲιῖῗῗέἑ

186 3423 376 3479 Recht
409 3422 526 3476 und
572 3422 664 3476 die
699 3421 930 3488 Pflicht,
976 3423 1141 3478 nnter
1187 3423 1320 3478 Um-

190 3493 432 3550 standen
505 3492 682 3547 durch
747 3463 1097 3549 Selbst’smord
1167 3494 1320 3550 aeine

85 3548 88 3593 ¹
189 3562 696 3646 Unabhangigkeit
742 3580 856 3619 von
908 3564 1018 3620 den
1065 3564 1322 3623 ausseren

189 3636 416 3706 Dingen
463 3653 532 3689 zu
578 3634 791 3705 zeigen.
868 3634 937 3690 de
982 3635 1074 3691 fin.
1114 3635 1195 3689 ΠΙ
1237 3641 1319 3706 18,

194 3714 260 3763 60
302 3707 385 3761 In
428 3722 535 3776 quo
580 3707 725 3761 em'm
761 3707 936 3777 plura
978 3711 1137 3774 amit,
1182 3724 1322 3777 quae

192 3778 490 3833 seeundum
525 3781 789 3832 naturam
822 3782 979 3845 sumt,
1023 3779 1192 3833 huius
1237 3779 1319 3846 of-

193 3850 381 3916 ficium
426 3852 504 3903 est
546 3848 611 3902 in
658 3850 776 3904 vita
811 3864 1061 3914 maner&
1111 3850 1177 3904 in
1212 3866 1319 3919 quo

193 3925 376 3975 autem
412 3924 514 3973 aut
546 3923 679 3974 aunt
702 3921 880 3989 plura
906 3921 1193 3976 contraria
1218 3925 1321 3975 aut

194 3992 311 4057 fore
355 3990 635 4057 videntur,
687 3991 855 4046 huius
898 3991 1143 4059 officim
1179 3997 1257 4047 est
1291 4006 1319 4045 e

190 4063 336 4188 vita7
346 4061 608 4116 excedere.

303 4133 693 4212 7.praedones
728 4133 780 4187 ei
813 4134 920 4188 ins.
997 4133 1146 4188 Zwei
1181 4131 1323 4188 Vor-

199 4203 453 4259 dei-satae
518 4201 625 4257 mit
677 4205 756 4271 si,
818 4219 932 4259 von
986 4203 1168 4259 denen
1224 4203 1324 4258 der

200 4277 320 4331 eine
358 4274 418 4328 in
459 4287 725 4344 erigerem
761 4273 1146 4331 Verbaltnisse
1195 4292 1322 4329 zum

300 4372 466 4415 Eum
478 4400 491 4426 ,
517 4371 613 4414 Cio.
645 4372 832 4416 Tuscul.

1434 1930 1782 2013 Hauptsatze
1840 1928 1995 1984 steht
2047 1932 2132 1985 als
2189 1930 2287 1986 der
2341 1931 2565 2001 andere,

1434 2001 1561 2056 sind
1615 2001 1697 2055 im
1742 2001 2139 2057 Lateinischen
2187 2002 2350 2057 nicht
2393 2020 2564 2073 unge-

1432 2072 1732 2128 wohnlich.
1807 2072 1878 2126 de
1908 2071 1998 2128 off.
2029 2072 2110 2126 III
2139 2078 2189 2139 6,
2228 2079 2298 2127 30
2333 2075 2425 2128 ain
2461 2091 2562 2129 au-

1429 2147 1536 2198 tem
1564 2145 1615 2197 ia
1641 2148 1705 2197 tu
1730 2145 1836 2212 ais,
1874 2144 1971 2212 qui
2011 2145 2242 2199 multam
2268 2145 2565 2200 utilitatem

1430 2215 1515 2269 rei
1554 2214 1810 2283 publicae
1865 2219 2026 2284 atque
2071 2216 2352 2270 hominum
2395 2218 2560 2272 aoeie-

1430 2286 1566 2354 tati,
1618 2286 1669 2342 si
1712 2286 1777 2340 in
1822 2287 1940 2341 vita
1984 2301 2294 2355 remaneaa,
2341 2286 2560 2355 adferre

1421 2358 1633 2428 possis.-
1666 2358 1718 2411 si
1743 2358 1880 2426 quid
1906 2358 1973 2412 ob
2001 2374 2119 2413 eam
2146 2374 2371 2413 eausam
2399 2360 2561 2415 atteri

1429 2429 1763 2496 detraxeris,
1799 2445 1914 2483 uon
1944 2430 2019 2484 sit
2043 2430 2558 2498 reprehendendum.

1428 2499 1506 2552 ad
1540 2499 1675 2556 fam.
1712 2501 1738 2553 Ι
1778 2504 1935 2567 9,13
1983 2500 2037 2555 si
2071 2501 2375 2556 accusandi
2410 2506 2559 2569 amit,

1426 2572 1480 2625 si
1533 2571 1633 2640 qui
1675 2542 2106 2639 pertimuerimt,
2163 2572 2341 2641 mayis
2396 2574 2560 2627 etiam

1427 2641 1885 2710 reprehendendi,
1930 2643 1983 2696 ai
2025 2643 2124 2712 qui
2158 2658 2214 2697 se
2259 2643 2443 2697 timere
2486 2644 2559 2697 si·

1425 2712 1730 2769 mutarunt.

1505 2784 1612 2838 eice
1647 2787 1698 2838 te
1732 2784 1883 2838 navi
1956 2781 2071 2838 Der
2110 2781 2291 2838 blofse
2327 2783 2559 2839 Ablativ

1429 2853 1526 2910 bei
1561 2856 1728 2909 eicere
1753 2853 1834 2908 ist
1858 2852 2065 2921 selten,
2104 2854 2252 2909 doch
2281 2872 2323 2909 s.
2353 2872 2410 2924 p.
2438 2855 2558 2910 Mil.

1430 2930 1518 2994 32,
1556 2930 1625 2979 8⁵1
1671 2925 1869 2981 multos
1922 2925 2142 2980 aedibus
2195 2941 2262 2981 ae
2315 2925 2561 2992 fortunia

1428 2997 1670 3051 eiecerat.
1745 2995 1891 3051 Phil.
1948 2995 2003 3049 11
2059 3000 2090 3061 ξ
2154 3001 2224 3050 45
2290 3001 2341 3051 te
2395 3003 2560 3067 pater

1428 3068 1596 3122 domu
1629 3083 1735 3123 aua
1770 3067 1940 3123 eiecit.

1498 3138 1791 3204 Arionem,
1837 3155 1880 3194 s.
1929 3137 2131 3194 Herod.
2179 3138 2206 3191 I
2252 3144 2339 3192 23.
2415 3138 2558 3194 Gell.

1428 3207 1559 3264 XVI
1597 3215 1682 3264 19.
1760 3207 2202 3264 Ovid.Fast.11
2238 3214 2324 3264 83.

1503 3279 1740 3353 Pelopis.
1799 3278 1899 3332 Als
1918 3279 2122 3348 Pelops
2147 3296 2243 3332 um
2263 3278 2354 3333 die
2376 3279 2558 3335 Toch-

1427 3351 1516 3404 ter
1544 3351 1642 3405 des
1674 3339 1956 3405 Onomaus
1982 3348 2365 3419 Hippodamia.
2392 3350 2557 3406 fraite

1427 3420 1544 3475 und
1584 3409 1867 3475 Onomaus
1913 3419 2086 3489 jeden
2122 3420 2313 3475 Freier
2356 3423 2559 3492 totete,

1429 3491 1541 3547 den
1578 3508 1639 3547 er
1663 3492 1743 3546 im
1760 3490 2122 3546 Wettfahren
2147 3490 2422 3562 besiegte‚
2456 3493 2560 3547 bat

1426 3562 1634 3633 Pelops
1673 3562 1782 3618 den
1819 3561 2100 3618 Poseidon
2134 3578 2232 3617 um
2267 3562 2557 3631 Beistand,

1428 3632 1544 3688 und
1599 3633 1783 3689 dieser
1835 3634 1949 3703 gab
1999 3633 2120 3688 ihm
2167 3633 2389 3720 Wagen
2442 3606 2559 3689 und

1427 3705 1615 3761 Rosse.
1690 3704 1850 3761 Pind.
1890 3703 2053 3774 Olym
1959 3722 2109 3776 ymp.
2148 3704 2175 3757 Ι
2205 3709 2273 3760 86
2312 3700 2413 3760 τὸν
2450 3703 2557 3775 μὲν

1428 3770 1687 3863 ἀγάλλων
1753 3771 1896 3839 θεὸς
1962 3773 2175 3831 ἔδωκεν
2231 3777 2439 3863 δίφρον
2494 3792 2565 3831 τε

1425 3844 1665 3915 χρύσεον
1740 3848 2026 3917 πτεροῖσίν
2098 3842 2153 3901 τ’
2222 3842 2559 3917 ἀκάμαντας

1426 3918 1650 3981 ιππους.

1495 4006 1599 4059 per
1625 3989 1836 4045 undas.-
1870 3988 2127 4044 Ribbeck
2156 3989 2259 4044 hat
2285 3989 2396 4045 den
2415 3990 2558 4044 Vera

1431 4076 1494 4115 so
1495 4006 1889 4132 Pehergestent
1944 4058 2206 4129 Rapiwnt
2232 4077 2337 4130 per
2372 4061 2559 4116 undas

1431 4147 1632 4187 currus
1665 4145 1953 4200 suspen-soa
1987 4132 2136 4200 equi,
2172 4130 2287 4185 und
2323 4131 2558 4185 reehnet

1430 4202 1533 4258 ibn
1559 4201 1719 4258 Rom.
1741 4201 1908 4272 Trag.
1937 4220 1994 4272 p.
2019 4206 2127 4256 440
2153 4219 2224 4256 zu
2253 4201 2382 4256 dem
2409 4190 2556 4257 Ono—

1431 4290 1592 4330 mans
1630 4273 1728 4328 des
1766 4272 1982 4328 Accius.

2020 4361 2124 4416 ⁷„

2801 258 2803 305 1

2802 307 2803 344 ι

2802 365 2805 428 ¹
