2902 4649
569 162 1171 219 TUSCULANARUM
1206 163 1818 219 DISPUTATIONUM
1854 166 1922 219 II.
1964 172 2192 222 32—36.
2475 165 2566 229 89

709 337 779 391 ut
822 329 1044 392 multus
1090 349 1126 392 e
1171 329 1509 392 visceribus
1554 335 1807 408 sanquis
1853 331 2053 406 e'xeat,

199 492 322 535 non
383 491 693 553 nunquam
748 476 953 554 etiam,
1018 482 1110 555 ut,
1176 491 1311 535 cum
1368 472 1454 533 ibi
1509 490 1731 554 essem,
1795 472 2134 555 audiebam,
2199 473 2271 534 ad
2329 478 2566 538 necem?

202 567 462 641 quorum
524 581 644 623 non
703 562 880 622 modo
941 579 1118 624 nemo
1177 559 1526 623 exclamavit
1585 580 1895 643 umquam,
1968 563 2071 623 sed
2138 580 2214 623 ne
2273 564 2568 641 ingemuit

201 650 462 730 quidem.
557 649 712 722 Quid
770 647 957 730 ergo?
1021 650 1136 711 hoc
1193 653 1365 730 pueri
1415 660 1698 732 possunt,
1762 653 1875 712 viri
1937 669 2056 711 non
2111 646 2441 731 poterunt?
2505 661 2567 711 et

202 758 336 800 mos
380 739 551 820 valet,
598 741 749 800 ratio
797 758 916 800 non
964 735 1223 800 valebit?

380 827 641 888 Interest
712 827 933 907 aliquid
1010 830 1169 888 inter
1245 827 1511 888 laborem
1585 836 1648 889 et
1710 802 1995 889 fiolorem.
2100 827 2255 889 Sunt
2316 829 2566 889 finitima
2586 865 2657 916 35

2591 789 2681 853 15

200 919 478 995 omnino,
553 916 658 976 sed
721 924 919 977 tamen
979 916 1180 978 differt
1239 916 1478 996 aliquid.
1579 916 1774 977 Labor
1834 924 1927 1002 est
1988 917 2215 977 functio
2277 915 2566 996 quaedam

203 1005 297 1065 vel
356 1007 535 1065 animi
581 1005 674 1064 vel
730 1007 1001 1085 corporis
1056 1008 1345 1085 gravioris
1401 1008 1602 1085 operis
1659 1013 1720 1066 et
1774 1008 2077 1086 muneris3
2141 1004 2310 1065 dolor
2367 1012 2566 1066 autem

203 1102 408 1155 motus
456 1111 629 1173 asper
675 1095 737 1154 in
785 1111 1036 1174 corpore
1087 1094 1315 1155 alienus
1361 1113 1395 1156 a
1442 1094 1739 1156 sensibus,
1831 1094 1988 1155 Haec
2040 1093 2158 1154 duo
2208 1093 2418 1158 Graeci
2465 1094 2568 1175 illi,

204 1200 467 1262 quorum
515 1185 812 1262 copiosior
868 1191 960 1244 est
1014 1183 1211 1262 lingua
1260 1201 1438 1262 quam
1494 1191 1724 1265 nostra,
1779 1201 1900 1244 uno
1960 1184 2196 1243 nomine
2253 1181 2567 1262 appellant.

204 1272 415 1350 Itaque
463 1272 793 1332 industrios
838 1271 1110 1332 homines
1157 1271 1241 1332 illi
1301 1273 1603 1333 studiosos
1649 1272 1741 1331 vel
1787 1274 1986 1352 potius
2034 1276 2298 1332 amantes
2344 1271 2568 1332 doloris

205 1358 534 1441 appellant,
607 1377 717 1419 nos
792 1360 1162 1421 commodius
1234 1359 1590 1422 laboriosos:
1662 1359 1822 1421 aliud
1897 1369 1989 1421 est
2053 1362 2211 1420 enim
2277 1358 2570 1440 laborare,

200 1447 361 1509 aliud
426 1448 645 1509 dolere.
738 1447 788 1509 Ο
845 1447 1163 1510 verborum
1224 1451 1396 1529 inops
1458 1447 1788 1530 interdum,
1865 1448 2083 1528 quibus
2145 1448 2449 1509 abundare
2511 1459 2568 1509 te

198 1555 443 1617 semper
487 1547 680 1617 putas,
726 1535 1004 1599 Graecia!
1095 1536 1298 1619 Aliud,
1345 1540 1621 1618 inquam,
1668 1547 1761 1600 est
1807 1537 2028 1618 dolere,
2075 1536 2234 1598 aliud
2281 1536 2569 1597 laborare.

198 1623 354 1687 Cum
398 1628 630 1687 varices
676 1625 1032 1687 secabantur
1078 1625 1141 1686 C.
1188 1626 1400 1707 Mario,
1458 1625 1719 1707 dolebat3
1776 1644 1913 1687 cum
1973 1633 2141 1686 aestu
2198 1643 2412 1705 magno
2462 1625 2568 1686 du·

202 1715 380 1775 cebat
427 1733 657 1795 agmen,
703 1713 1023 1775 laborabat.
1113 1714 1222 1775 Est
1258 1718 1417 1775 inter
1455 1715 1601 1776 baec
1641 1715 1931 1795 quaedam
1970 1724 2168 1775 tamen
2218 1713 2570 1775 similitudo:

200 1804 579 1865 consuetudo
628 1805 787 1866 enim
832 1802 1105 1864 laborum
1151 1806 1602 1883 perpessionem
1657 1804 1932 1866 dolorum
1990 1804 2176 1864 efficit
2221 1802 2570 1863 faciliorem.

203 1892 410 1971 ltaque
460 1892 565 1972 illi,
613 1895 718 1971 qui
764 1892 1045 1953 Graeciae
1096 1892 1347 1953 formam
1394 1910 1602 1953 rerum
1648 1892 2023 1970 publicarum
2070 1891 2393 1972 dederunt,
2436 1910 2567 1952 cor·
2592 1909 2667 1959 36

199 1999 349 2059 pora
406 1982 691 2041 iuvenum
750 1981 974 2041 firmari
1030 1979 1235 2041 labore
1291 1980 1639 2062 voluerunt3
1695 1981 1854 2060 quod
1904 1980 2235 2061 Spartiatae
2283 1982 2464 2041 etiam
2508 1982 2570 2040 in

201 2070 458 2130 feminas
522 2068 987 2150 transtulerunt,
1062 2088 1214 2148 quae
1281 2074 1501 2130 ceteris
1556 2072 1620 2130 in
1675 2069 1926 2131 urbibus
1992 2068 2338 2130 mollissimo
2406 2068 2573 2129 cultu

202 2153 535 2235 ‘parietum
588 2159 821 2219 umbris
875 2152 1284 2220 occuluntur’.

204 2247 405 2307 simile
451 2264 583 2307 esse

203 2542 308 2596 der
336 2542 583 2596 Artemis
608 2540 810 2597 Orthia
837 2543 991 2601 stau.
1045 2540 1175 2611 Der,
1204 2542 1337 2597 wel-

204 2613 343 2667 cher
362 2629 456 2666 am
474 2613 737 2682 langeton
755 2610 1048 2668 stanflhaft
1075 2613 1338 2682 ausbielfi,

203 2684 398 2739 wurde
437 2684 523 2738 als
562 2685 881 2757 βωμονίκας
918 2684 1226 2755 gepriesen„

278 2773 595 2827 verberibus
631 2774 1000 2842 accipiuntur.
1059 2772 1138 2826 IV
1157 2778 1245 2841 36,
1269 2778 1336 2828 78

207 2860 319 2913 quo
354 2849 407 2898 te
442 2846 601 2898 modo
637 2844 973 2912 accepissem,
1009 2845 1124 2899 nisi
1158 2845 1342 2899 iratus

211 2930 393 2970 essent.
469 2913 544 2968 ad
585 2913 703 2969 Att.
739 2915 767 2968 I
809 2920 899 2983 18,
947 2920 984 2968 4
1030 2915 1203 2969 Hunc
1246 2930 1342 2987 eqo

214 2986 408 3054 accepi
445 2985 509 3038 in
543 2991 739 3040 senatu
772 2991 839 3039 ut
872 2988 1029 3041 soleo.

285 3079 353 3128 ut
387 3074 597 3128 multus
631 3076 768 3144 eelz,
803 3074 944 3129 Vers
982 3074 1136 3130 eines
1173 3075 1347 3129 unbe-

213 3145 473 3200 kannten
511 3144 826 3214 TragikerS.

290 3232 437 3302 Kap.
460 3230 557 3289 15.
599 3239 683 3289 35.
722 3234 944 3288 omnino
982 3234 1186 3289 drfickt
1224 3234 1348 3289 eine

216 3304 579 3374 Beteuerung
615 3321 741 3372 aua,
787 3304 889 3359 hat
932 3305 1067 3360 aber
1115 3306 1209 3360 bei
1244 3303 1348 3361 fol-

216 3374 465 3447 gendem
500 3378 620 3443 sed,
667 3381 850 3430 tamen
885 3375 976 3430 die
1019 3377 1351 3446 Bedeutung

213 3445 565 3513 ‘freilicb‚
620 3447 847 3503 zwar’.

212 3518 264 3572 V
304 3522 356 3584 9,
394 3522 483 3572 24.

285 3605 476 3670 differt
512 3605 747 3673 aliquid,
795 3622 854 3660 es
887 3606 1068 3660 findet
1104 3605 1196 3659 ein
1232 3605 1344 3659 Un-

212 3674 504 3729 terschied
557 3678 710 3732 statt.
786 3676 855 3731 de
891 3676 984 3732 fin.
1023 3676 1104 3730 111
1144 3680 1236 3742 15,
1275 3681 1348 3731 50

216 3747 439 3814 aliquid
473 3752 684 3813 tamen,
764 3749 874 3803 uod
920 3748 1193 3814 differret,
1237 3762 1348 3801 esee

213 3817 527 3871 voluerunt.
595 3817 666 3872 de
703 3833 736 3871 o
782 3860 794 3872 .
833 3818 861 3870 I
897 3822 984 3885 28,
1024 3823 1093 3872 99
1131 3823 1207 3873 cst
1243 3834 1346 3873 au·

214 3893 321 3943 tem
356 3889 508 3957 quod
541 3889 780 3956 differat.

287 3976 507 4042 fmwtio
569 3978 837 4046 quaedam
901 3978 986 4032 vel
1039 3978 1218 4032 animi
1276 4008 1344 4018 —

216 4049 481 4102 muneris.
537 4047 650 4102 Der
677 4048 872 4103 zweito
894 4047 1133 4102 Genetiv
1166 4048 1348 4118 hangt

214 4135 328 4174 von
363 4117 499 4173 dem
542 4135 612 4172 zu
655 4119 838 4175 ciuem
876 4118 1092 4188 Begriff
1131 4136 1347 4172 zusam-

216 4206 342 4244 men
421 4187 631 4244 farsteia
684 4191 900 4258 fimetio
953 4191 1199 4259 corporis
1253 4190 1345 4245 ab.

215 4260 306 4315 Ha
480 4261 623 4315 wird
686 4261 786 4316 der
849 4262 1046 4316 zweite
1111 4259 1349 4315 Genetiv-

215 4332 498 4387 zwisehen
559 4331 661 4387 das
706 4331 1030 4404 regierende
1078 4331 1348 4387 Substan-

923 3447 978 3502 S.
1015 3449 1094 3502 Ν
1132 3453 1217 3515 24,
1258 3454 1342 3501 53.

1378 2157 1470 2219 Illi
1530 2165 1729 2219 autem
1778 2158 2096 2219 voluerunt
2151 2157 2299 2218 nibil
2352 2156 2572 2217 horum

1443 2542 1527 2596 fiv
1598 2541 1716 2596 und
1789 2541 1900 2595 den
1970 2540 2241 2596 zunachst
2313 2559 2380 2594 zu
2452 2540 2575 2594 ihm

1445 2612 1756 2682 geborigen
1829 2610 2070 2666 Genetiv
2142 2611 2574 2680 eingeschoben.

1446 2683 1529 2737 III
1577 2689 1668 2750 17,
1725 2686 1793 2737 38
1854 2683 2088 2749 formam
2138 2682 2382 2750 Epicuri
2428 2683 2580 2736 vitae

1448 2756 1651 2810 beatae.
1726 2753 1805 2807 IV
1846 2758 1937 2821 13,
1985 2757 2054 2807 29
2101 2770 2169 2807 ex
2213 2754 2384 2807 totius
2429 2754 2572 2806 vale-

1448 2826 1670 2881 tudinis
1705 2825 1949 2893 eorporis
1985 2825 2453 2894 conquassatione.

1526 2915 1741 2967 alienus
1803 2930 1842 2967 a
1904 2914 2150 2967 sensibus
2204 2938 2272 2958 =
2328 2913 2581 2967 sensibus

1451 3000 1786 3055 repuynans.

1526 3091 1639 3128 uno
1684 3089 1827 3128 nom.
1866 3073 2162 3143 appellant.
2192 3109 2197 3113 ·
2241 3071 2352 3126 Cic.
2398 3071 2577 3125 denkt

1455 3162 1529 3199 an
1566 3141 1770 3212 πόνος,
1806 3143 1921 3198 und
1956 3143 2087 3198 weil
2125 3142 2243 3197 dies
2278 3141 2369 3196 fiir
2403 3143 2582 3208 labor,

1455 3217 1636 3282 dolor,
1680 3216 1927 3281 miseria,
1971 3215 2138 3269 nebst
2186 3213 2294 3267 den
2330 3212 2574 3282 abgelei·

1454 3288 1613 3373 te'ten
1649 3282 1984 3370 (μζ-ἄπονος,
2021 3284 2332 3339 industrius
2339 3323 2372 3365 ,·
2402 3302 2575 3351 πονη-

1456 3353 2579 3492 2⁰5.²d..·;⁷33.⁸32m‘³¹3.1§.zizssflsssshfflsst

1451 3499 1764 3567 behauptet
1800 3513 1885 3563 er,
1933 3496 2024 3550 die
2063 3494 2341 3550 Griechen
2375 3495 2577 3550 hatten

1449 3569 1543 3623 fur
1579 3570 1734 3623 dolor
1769 3568 1904 3622 kein
1941 3566 2174 3621 anderes
2211 3566 2390 3633 Wort,
2428 3566 2578 3622 ohne

1453 3658 1527 3694 an
1565 3635 1751 3709 ἄλγος,
1791 3633 1998 3707 ὀδύνη,
2044 3632 2307 3708 ἀλγηδών
2335 3655 2403 3691 zu
2439 3638 2576 3692 den-

1451 3711 1580 3765 ken.
1654 3711 1836 3764 Einen
1882 3708 2183 3764 abnlichen
2229 3708 2437 3762 Irrtum
2481 3709 2576 3763 be·

1453 3784 1592 3851 geht
1637 3798 1697 3837 er
1743 3782 1812 3836 de
1859 3797 1935 3835 or.
1975 3781 2030 3834 11
2068 3786 2129 3852 4,
2171 3783 2236 3833 18
2281 3777 2581 3848 in.Bezug

1455 3854 1557 3906 auf
1586 3854 1823 3922 ineptus.

1528 3942 1587 3997 0.
1629 3941 1844 4009 Mario,
1881 3961 1924 3998 s.
1963 3946 2050 4009 22,
2087 3945 2173 3998 53.

1528 4036 1612 4086 36.
1657 4032 1940 4100 parietum
1998 4029 2210 4097 umbris
2268 4028 2377 4082 cet.
2428 4025 2585 4079 nieht.

1454 4100 1711 4157 Ribbeck
1773 4103 1844 4157 tr.
1909 4102 2009 4156 lat.
2064 4101 2166 4154 rel.
2221 4117 2276 4168 p.
2316 4103 2421 4152 266
2486 4096 2580 4151 fiir

1455 4172 1619 4229 einen
1676 4173 1802 4228 Teil
1865 4172 2018 4227 eines
2075 4171 2277 4225 Vei-ses
2332 4185 2408 4223 an
2460 4167 2580 4222 und

1455 4243 1574 4297 will
1609 4243 1846 4298 deshalb
1881 4243 2037 4297 lesen

1570 4333 1780 4386 umbris
1815 4331 2143 4387 occuluntur
2169 4330 2464 4400 pao-iatum.
