2902 4649
335 109 422 172 24
1124 109 1199 165 M.
1239 108 1485 163 TULLII
1521 108 1904 165 CICERONIS

335 276 580 355 religata
624 276 882 356 pendeat
929 284 989 337 et
1034 293 1155 336 non
1203 284 1264 336 et
1299 278 1528 337 oriatur
1574 295 1607 337 a
1654 295 1719 337 se
1767 285 1828 338 et
1863 295 2076 338 rursus
2124 276 2195 336 ad
2244 295 2307 338 se
2345 284 2703 339 revertatur

335 374 397 427 et
442 367 638 426 omnia
684 383 791 427 sua
839 365 1123 445 conplexa
1160 364 1306 425 nihil
1344 374 1593 445 quaerat
1628 364 1891 448 aliunde,
1940 384 2059 427 non
2103 365 2382 445 intellego
2431 383 2540 427 cur
2582 374 2697 428 aut

336 453 531 515 verbis
575 462 697 516 tam
742 454 1126 516 vehementer
1174 455 1435 515 ornanda
1483 464 1585 516 aut
1636 474 1705 516 re
1761 462 1925 517 tanto
1981 473 2161 535 opere
2217 454 2544 535 expetenda
2601 457 2691 516 vi·

336 539 586 605 deatur.'
677 542 765 603 Ad
831 543 976 604 haec
1042 542 1197 604 bona
1256 561 1351 604 me
1410 546 1462 605 si
1517 563 1787 626 revocas,
1842 544 2128 625 Epicure,
2181 561 2390 625 pareo,
2446 562 2693 625 sequor,

334 641 472 694 utor
536 639 595 693 te
661 635 793 711 ipso
859 633 1038 714 duce,
1103 631 1420 694 obliviscor
1483 636 1660 694 etiam
1720 634 2011 696 malorum
2023 681 2042 714 ‚
2105 640 2174 693 ut
2232 631 2430 713 iuheS,
2492 651 2693 712 eoque

335 721 592 803 facilius,
649 722 805 801 quod
865 740 934 783 ea
980 740 1055 782 ne
1103 724 1166 782 in
1213 722 1382 783 malis
1439 722 1683 802 quidem
1737 723 2010 803 ponenda
2066 739 2301 783 censeo.
2395 720 2512 782 Sed
2569 730 2703 783 tra-

336 810 506 871 ducis
553 813 941 890 cogitationes
991 828 1149 871 meas
1196 811 1267 872 ad
1314 810 1664 891 voluptates,
1758 808 1961 883 Quas?
2022 813 2292 890 corporis
2349 810 2527 871 credo
2584 817 2695 872 aut

339 917 489 979 quae
555 906 803 979 propter
866 918 1085 979 corpus
1151 900 1243 960 vel
1304 900 1718 962 recordatione
1777 901 1869 961 vel
1924 919 2028 980 spe
2085 902 2439 979 cogitentur.
2530 899 2697 960 Num

335 987 478 1068 quid
526 995 619 1050 est
664 984 866 1049 aliud?
911 996 1154 1049 rectene
1191 991 1557 1068 interpretor
1596 991 1949 1051 sententiam
1989 985 2195 1050 tuam?
2285 988 2492 1049 Solent
2529 990 2693 1049 enim

246 1095 313 1145 38
334 1079 436 1138 isti
482 1094 699 1157 negare
747 1095 857 1137 nos
902 1077 1250 1157 intellegere
1298 1077 1439 1156 quid
1489 1077 1646 1140 dicat
1689 1078 2006 1159 Epicurus
2099 1077 2226 1138 Hoc
2273 1077 2419 1137 dicit
2461 1085 2526 1138 et
2573 1076 2694 1138 hoc

334 1165 432 1227 ille
481 1166 778 1227 acriculus
835 1185 931 1226 me
987 1167 1263 1227 audiente
1319 1166 1570 1228 Athenis
1627 1186 1810 1229 senex
1868 1167 2054 1248 Zeno,
2107 1169 2361 1228 istorum
2417 1169 2701 1227 acutissi-

336 1272 496 1336 muS,
545 1254 907 1316 contendere
955 1263 1016 1316 et
1060 1273 1269 1335 magna
1315 1274 1460 1316 voce
1506 1257 1707 1317 dicere
1755 1255 2008 1338 solebat,
2063 1273 2201 1316 eum
2248 1273 2380 1316 esse
2429 1255 2707 1336 beatum,

338 1346 442 1423 qui
487 1342 904 1423 praesentibus
949 1344 1350 1424 voluptatibus
1397 1345 1703 1406 frueretur
1750 1344 2195 1425 confideretque
2244 1363 2308 1405 se
2357 1344 2693 1405 fruiturum

338 1440 441 1493 aut
497 1435 559 1493 in
620 1434 782 1493 omni
840 1439 943 1493 aut
999 1434 1061 1493 in
1121 1451 1329 1512 magna
1388 1443 1559 1512 parte
1605 1437 1759 1496 vitae
1815 1433 2018 1495 dolore
2075 1452 2195 1495 non
2251 1435 2705 1494 interveniente·

338 1530 467 1602 aut,
516 1523 567 1582 si
611 1523 1027 1602 interveniret,
1087 1524 1140 1582 si
1184 1540 1455 1583 summus
1511 1524 1693 1606 foret,
1749 1524 2019 1585 futurum
2076 1522 2347 1601 brevem,
2404 1524 2496 1581 sin
2552 1540 2703 1601 pro-

338 1610 602 1691 ductior,
645 1610 781 1690 plus
826 1609 1171 1672 habiturum
1216 1611 1462 1672 iucundi
1509 1630 1687 1692 quam
1734 1612 1896 1674 malit
1956 1612 2103 1674 haec
2152 1613 2511 1690 cogitantem
2559 1611 2708 1671 sore

338 1698 603 1781 beatum,
658 1701 1009 1779 praesertim
1059 1702 1110 1760 si
1156 1707 1216 1760 et
1261 1708 1395 1761 ante
1453 1704 1752 1781 perceptis
1808 1701 1981 1762 honis
2041 1707 2360 1762 contentus
2418 1708 2579 1760 esset
2636 1707 2707 1761 et

338 1806 448 1849 nec
495 1796 749 1849 mortem
794 1806 907 1849 nec
954 1788 1098 1849 deos
1149 1791 1584 1851 extimesceret.
1675 1788 1873 1851 Habes
1930 1790 2179 1851 formam
2235 1787 2484 1867 Epicuri
2538 1790 2706 1849 vitae

336 1876 541 1937 heatae
589 1876 788 1938 verbis
835 1876 1089 1949 Zenonis
1136 1896 1510 1960 expressam,
1556 1878 1704 1939 nihil
1750 1887 1819 1939 ut
1864 1880 2055 1958 possit
2101 1879 2324 1956 negari.

234 1947 316 2074 ἓξ
516 1965 670 2037 Quid
710 1962 894 2046 ergo?
938 1965 1195 2028 huiusne
1233 1969 1386 2029 vitae
1422 1969 1752 2047 propositio
1800 1975 1862 2028 et
1906 1968 2189 2047 cogitatio
2227 1974 2331 2026 aut
2366 1965 2704 2045 Thyestem

335 2054 530 2115 levare
566 2057 789 2133 poterit
825 2063 928 2117 aut
962 2055 1232 2137 Aeetam,
1278 2055 1350 2116 de
1399 2074 1518 2136 quo
1565 2056 1740 2136 paulo
1788 2062 1924 2117 ante
1971 2055 2119 2136 dixi,
2166 2061 2270 2116 aut
2306 2054 2699 2116 Telamonem

332 2142 571 2293 pulsum
615 2146 807 2224 patria
852 2144 1222 2207 exsulantem
1268 2153 1445 2224 atque
1494 2141 1812 2224 egentem?
1870 2147 1929 2205 in
1987 2162 2105 2223 quo
2161 2143 2309 2204 haec
2371 2143 2705 2205 admiratio

358 2251 413 2293 le
458 2242 544 2295 at:

338 2386 501 2425 wenn
546 2368 626 2425 sie
659 2386 772 2425 von
808 2367 1066 2423 ausseren
1100 2368 1211 2424 Din
1252 2386 1322 2425 en
1358 2371 1455 2425 ab·

1563 2369 1667 2425 Inf.
1705 2370 1962 2436 futurum
1996 2386 2109 2424 von
2145 2370 2441 2437 confideret
2483 2369 2705 2425 abhau-

588 2440 690 2509 ἰεῦ),
734 2438 894 2495 nicht
939 2440 1043 2494 auf
1073 2441 1173 2495 der
1253 2440 1459 2496 reiheit

1564 2441 1665 2524 gig
1699 2440 1788 2495 ist.
1865 2440 1978 2496 Cic.
2028 2439 2266 2511 beginnt
2316 2440 2424 2494 den
2479 2440 2702 2495 abhan-

338 2440 513 2511 hangi

340 2512 439 2568 des
470 2458 705 2566 viginem
731 2511 936 2566 beruht
965 2511 1081 2565 und
1107 2510 1166 2575 in
1193 2511 1317 2567 sich
1343 2512 1459 2566 alle

339 2583 745 2654 Bedingungen
763 2600 860 2636 zur
872 2581 1319 2652 Gliickseligkeit
1335 2586 1460 2638 ent-

341 2654 480 2710 halt.
555 2654 628 2708 ad
663 2654 795 2708 fam.
824 2653 877 2707 V
917 2660 1008 2721 13,
1050 2661 1077 2708 1
1118 2655 1334 2709 laudem
1369 2671 1459 2710 sa-

333 2725 581 2794 piewtiae
623 2731 807 2781 statuo
852 2741 961 2781 esee
1002 2726 1303 2780 maximam
1345 2741 1463 2779 non

343 2797 571 2851 alume-de
597 2798 837 2867 pendere
872 2813 970 2852 nec
997 2798 1333 2852 extrinsecus
1359 2802 1461 2852 aut

343 2869 472 2922 bene
507 2874 607 2922 aut
631 2869 772 2923 male
800 2869 1022 2923 vivendi
1045 2884 1337 2937 suspensas
1363 2869 1462 2922 ha-

344 2940 464 2993 bere
498 2939 755 2994 rationes.

345 3080 397 3133 Κ
408 3015 638 3106 propter
665 3025 888 3080 corpus,
918 3009 1000 3064 ‘in
1018 3008 1207 3080 Bezug
1233 3009 1334 3064 auf
1357 3010 1466 3065 den

398 3087 561 3150 orper
591 3121 604 3134 .

416 3152 571 3206 Num
605 3153 743 3221 quid
776 3155 853 3206 est
880 3151 1067 3206 aliud:
1104 3168 1162 3206 es
1188 3151 1331 3204 wird
1360 3152 1467 3205 fin-

346 3223 515 3294 giert,
568 3222 691 3277 dass
741 3222 830 3277 die
881 3221 1194 3292 Epikureer
1241 3223 1468 3277 Murren

346 3295 482 3350 oder
513 3293 910 3363 Widerspruch
938 3309 1124 3365 gegen
1151 3293 1242 3348 die
1270 3294 1466 3363 vorige

345 3366 724 3435 Behauptung
761 3366 1019 3420 erheben.

420 3435 602 3491 Solent
639 3438 783 3491 enim
818 3438 923 3492 cet.
997 3436 1067 3491 de
1103 3436 1196 3491 fin.
1235 3436 1286 3490 H
1314 3441 1366 3503 4,
1399 3441 1464 3489 12

348 3509 531 3576 itaque
582 3508 681 3562 hoc
737 3508 1044 3577 frequenter
1097 3508 1211 3562 dici
1254 3507 1386 3562 solet
1431 3525 1469 3561 a

347 3579 501 3632 vobis
542 3593 658 3631 ‘non
700 3579 1003 3648 intelleyere
1044 3595 1145 3633 noe
1180 3596 1344 3647 quam
1381 3579 1466 3633 di-

349 3654 441 3703 eat
475 3647 760 3717 Epicurus
798 3651 1142 3718 voluptatem.

422 3724 507 3774 38.
549 3719 700 3774 Zeno
708 3759 727 3786 ,
757 3718 847 3774 ein
875 3719 1209 3801 Epikureer‚
1239 3721 1346 3775 den
1378 3719 1466 3775 Ci-

351 3807 477 3847 cero
513 3789 629 3844 und
664 3789 888 3845 Atticus
924 3808 983 3844 m
1019 3791 1206 3846 Athen
1244 3793 1464 3857 herten,

351 3863 443 3917 ein
507 3859 769 3915 schmah-
834 3861 948 3915 und.
1020 3861 1468 3932 streitsiichtiger

349 3934 549 4001 Mann,
587 3932 722 3987 aber
748 3932 900 3987 wohl
938 3932 1037 3988 der
1063 3932 1466 3988 bedentendste

349 4006 514 4058 unter
542 4003 650 4058 den
678 4002 999 4073 damaligen
1027 4001 1466 4073 Epikureischen

352 4075 616 4131 Lehrern.
688 4074 759 4128 de
810 4073 960 4130 deor.
1011 4076 1126 4130 nat.
1178 4074 1203 4126 Ι
1249 4081 1342 4143 21,
1382 4080 1467 4131 59.

353 4152 450 4213 34,
487 4151 570 4200 93.

424 4233 480 4271 se
504 4216 811 4291 fruitmum
839 4222 953 4273 aut.
1026 4221 1126 4273 aut
1153 4216 1318 4271 sollte
1346 4233 1469 4272 vor-

353 4287 660 4359 angestellt
713 4289 857 4357 sein,
923 4289 997 4344 da.
1054 4289 1154 4344 der
1207 4288 1470 4359 folgende

1565 2511 2703 2708 {gzgffieffgtgje{gazgvsslffitzfuaossgess

1592 2670 1773 2709 essen.

1639 2731 1690 2781 et
1738 2741 1837 2779 nec
1885 2730 2107 2779 mortem
2156 2741 2255 2779 nec
2305 2725 2448 2779 deo&
2524 2730 2576 2779 et
2622 2725 2703 2780 ist

1570 2795 1630 2850 in
1662 2797 1767 2851 den
1794 2796 1956 2851 Hdss.
1988 2796 2365 2867 ausgefallen,
2405 2796 2535 2850 dari
2558 2797 2707 2851 aber

1570 2868 1730 2922 nicht
1763 2867 1977 2934 fehlen‚
2020 2867 2169 2922 deun
2204 2866 2335 2922 dem
2372 2872 2424 2921 et
2461 2899 2529 2908 -—
2569 2884 2699 2922 con-

1571 2944 1751 2993 tentus
1787 2944 1919 2993 esset
1955 2936 2102 2993 muse
2139 2938 2232 2993 eiu
2269 2938 2492 2993 zweites
2531 2937 2701 2994 Glied

1573 3010 1678 3063 mit.
1712 3015 1762 3064 et
1797 3009 1931 3064 oder
1956 3025 2128 3078 neque
2163 3010 2560 3078 entspreehen:
2599 3026 2706 3064 nec

1574 3111 1643 3121 —-
1684 3097 1783 3136 nec
1835 3080 2131 3135 verbindet
2181 3097 2288 3133 nur
2342 3080 2436 3136 die
2490 3081 2705 3136 beiden

1576 3151 1734 3206 Teile
1778 3151 1876 3207 des
1933 3151 2167 3206 zweiten
2223 3150 2448 3207 Gliedes
2508 3155 2701 3207 unter-

1575 3222 1868 3289 einander,
1922 3222 2084 3277 nicht
2136 3222 2238 3276 das
2286 3223 2482 3278 zweite
2531 3222 2702 3278 Glied

1576 3293 1755 3348 selbot
1789 3293 1896 3347 mit
1931 3294 2061 3347 dem
2100 3294 2302 3348 ersten.

1646 3364 1786 3434 Καρ.

1578 3442 1672 3501 12,
1711 3442 1796 3490 26.

1653 3507 1989 3563 Telamonem
2069 3508 2325 3577 pulsum.-
2420 3508 2705 3563 Telamon

1577 3578 1766 3633 wurde
1802 3581 1946 3634 nach
1986 3579 2113 3633 dem
2151 3579 2434 3634 troischen
2474 3579 2702 3649 Kriege,

1574 3649 1852 3705 nachdem
1905 3666 1966 3705 er
2021 3649 2212 3705 seinen
2270 3649 2421 3705 Sohn
2480 3652 2705 3706 Teucer

1572 3721 1849 3775 verbannt
1878 3720 2067 3788 hatte,
2106 3721 2209 3777 der-
2232 3722 2567 3777 Herrschaft
2602 3722 2704 3776 be·

1572 3792 1763 3860 raubt,
1802 3793 1937 3847 aber
1972 3792 2079 3846 mit
2115 3792 2268 3847 Hilfe
2316 3791 2414 3848 des
2449 3811 2563 3848 von
2593 3792 2702 3862 Cy·

1572 3880 1712 3932 pern
1748 3863 2269 3933 zuriickgekehrten
2305 3862 2521 3920 Teucer
2566 3865 2703 3919 wie-

1576 3934 1676 3988 der
1725 3934 2046 4004 eingesetzt.
2086 3965 2154 3976 —
2202 3935 2364 3990 Nach
2414 3934 2707 3991 Ribbecks

1575 4004 1928 4076 Vermutung
1992 4006 2173 4073 (Rom.
2235 4005 2401 4076 Trag.
2458 4026 2512 4078 p.
2569 4008 2704 4076 421)

1577 4077 1827 4144 gehoren
1873 4077 1964 4131 die
2011 4077 2313 4148 folgenden
2349 4079 2522 4134 Verse
2571 4096 2702 4132 zum

1578 4147 1883 4217 Eurysaces
1923 4147 2021 4203 des
2059 4149 2278 4203 Accius.

1648 4221 1712 4274 in
1764 4236 1898 4290 quo,
1957 4219 2015 4273 in
2055 4220 2240 4291 Bezug
2293 4219 2397 4274 anf
2425 4220 2705 4275 welchen.

1576 4291 1654 4346 IV
1693 4297 1744 4359 7,
1785 4297 1850 4346 16
1896 4293 2158 4361 quoniam
2201 4293 2423 4347 invidia
2471 4308 2587 4347 non
2634 4293 2705 4347 in

1851 3364 1947 3420 18.
2023 3371 2106 3420 39.
2174 3367 2349 3434 paulo
2422 3371 2577 3431 ante,
2653 3385 2703 3420 s.
