2902 4649
931 158 1794 219 STELLEN-VERZEICHNIS.
2411 155 2537 220 159

181 339 411 413 quidem
456 334 712 394 Hdschr.
760 364 847 374 —
893 349 967 392 ne
1009 332 1329 405 intelleqere
1383 330 1613 403 quidem
1661 332 1728 389 te.
1830 329 1935 387 47.
1980 342 2377 399 summamque
2423 342 2547 385 esse

178 427 531 500 voluptatem
609 423 819 481 Baiter
899 421 1040 479 edit.
1123 418 1451 479 Tauchnitz
1532 448 1621 459 -
1702 433 2099 489 summamque
2178 416 2545 489 voluptatem.

184 516 289 576 54.
317 516 668 573 inveteratae
697 510 957 587 Seyffert
989 538 1067 551 —
1100 511 1166 568 in
1191 510 1513 568 inveterata
1540 499 1889 586 (inveterata
1915 496 2200 585 Hdechr.)
2270 505 2374 563 55.
2401 521 2547 563 nam

181 605 249 663 id
294 604 557 676 efficiimt
596 599 856 675 Bentley
908 629 985 638 —
1035 615 1152 656 non
1194 598 1259 656 id
1303 598 1580 670 efficiunt.
1653 596 1754 654 sed
1797 596 2029 657 maiora
2071 594 2356 658 videntur,
2403 594 2547 666 quia

183 693 440 752 recentia
484 694 638 756 sumt,
684 706 804 747 non
848 690 989 761 quia
1031 688 1333 761 repentina
1376 684 1752 761 Wesenberg
1794 715 1869 725 -
1912 685 2052 757 qwla
2095 683 2346 741 recentia
2390 684 2547 748 sumt,

182 782 417 839 maiora
460 779 746 845 videntur,
791 793 910 835 non
955 778 1094 849 quia
1128 777 1446 850 repentina.
1543 774 1645 833 64.
1681 772 2016 832 declaratur
2050 772 2189 831 haec
2223 769 2416 830 Heine
2463 800 2538 810 -

187 870 446 928 declarat
488 868 592 926 hoc
626 896 712 907 —
750 858 1115 944 (declaratur
1158 860 1331 938 hoc).'
1392 865 1492 921 71.
1533 866 1586 921 et
1619 865 1811 922 tamen
1847 860 2108 938 Seyffert
2135 891 2221 901 -
2256 861 2304 919 ii
2335 862 2546 919 tamen.

191 959 297 1017 76.
335 958 649 1015 orationem
684 953 761 1012 H.
793 953 1132 1029 Stephanus
1169 983 1254 993 —
1291 954 1596 1011 rationem.
1691 952 1771 1009 77
1777 997 1792 1011 .
1827 951 1951 1024 ipse
1995 952 2252 1023 fateatur
2286 945 2547 1007 Hdschr.

185 1076 279 1086 —-
306 1047 426 1118 ipse
461 1045 773 1117 fatebatur.
832 1043 1088 1102 baiolum
1123 1039 1379 1100 Hdschr.
1413 1071 1490 1081 —
1525 1040 1803 1100 baiulum.
1897 1040 2002 1098 80.
2037 1056 2181 1097 nwm
2217 1038 2370 1111 quod
2407 1039 2550 1095 esset
2580 1095 2587 1100 .

188 1132 470 1207 Hdsehr.,
536 1151 580 1191 s.
647 1131 868 1190 Muller
931 1130 1142 1206 Progr.
1187 1128 1544 1205 Landsberg
1602 1129 1772 1188 1865
1833 1159 1923 1169 --
1984 1145 2128 1186 num
2187 1127 2326 1200 quid
2390 1128 2547 1184 esset.

192 1223 295 1281 83.
344 1220 839 1280 contractiuncula
889 1219 1244 1293 reliquentur
1296 1217 1491 1277 Heine
1550 1247 1627 1259 —
1688 1216 2210 1276 contractiunculae
2271 1213 2549 1287 reliquen-

196 1314 309 1369 tur.
404 1310 693 1383 eliqendae
737 1307 993 1367 Hdschr.
1045 1338 1120 1348 -
1174 1307 1492 1382 elidendae;
1540 1305 1759 1366 ebenso
1805 1302 1845 1380 ἓ
1887 1307 1990 1365 84.

1177 1464 1284 1524 IV.
1328 1464 1567 1525 Buch.

282 1572 323 1650 ἓ
364 1576 421 1634 3.
469 1575 774 1648 discriptos
814 1571 1076 1648 Seyffert
1113 1602 1198 1613 —
1237 1573 1551 1645 descriptos
1596 1563 1932 1650 (rescriptos
1967 1562 2269 1651 Hdschr.).
2361 1572 2420 1629 4.
2447 1586 2552 1643 pe-

183 1666 415 1737 perisse
458 1661 766 1737 Wopkens
819 1691 894 1701 -
945 1661 1265 1735 repperisse
1312 1652 1670 1740 (perperisse
1713 1654 2021 1739 Hdschr.).
2123 1664 2180 1720 7.
2224 1660 2559 1736 nulliusque

197 1754 377 1810 wnius
421 1750 681 1827 Bentley
723 1780 801 1791 —-
840 1749 1129 1822 nullisque
1169 1751 1365 1809 unius.
1461 1751 1517 1810 9.
1567 1748 1784 1808 Utrum
1826 1751 2008 1823 i9itwr
2050 1750 2243 1808 mavis
2285 1750 2554 1807 statimne

192 1839 387 1898 Heine
425 1870 513 1879 —
560 1839 775 1900 Utrum
809 1841 885 1913 iq.
922 1839 1151 1898 mavis?
1186 1840 1471 1897 statimne.
1562 1841 1628 1897 in
1661 1841 1740 1898 iis
1776 1869 1860 1880 —
1899 1840 1965 1897 in
2000 1838 2104 1897 his.
2190 1838 2289 1897 10.
2326 1838 2555 1910 faciimt

190 1927 522 1987 klammert
574 1926 782 1987 Baiter
837 1926 951 1986 ein.
1060 1929 1159 1987 14.
1205 1927 1367 1986 stulti
1419 1923 1684 2002 [autem]
1738 1927 2037 2001 aeqritudo
2093 1929 2177 1985 est
2219 1955 2303 1967 —
2361 1926 2556 1985 stulto-

191 2035 329 2076 rwm
386 2015 683 2089 aeqritudo
740 2020 836 2074 est.
896 2008 1103 2094 (stulta
1155 2019 1347 2074 autem
1399 2032 1555 2089 aeyr.
1604 2020 1685 2075 est
1739 2009 2041 2096 Hdschr.).
2151 2031 2327 2087 eaque
2369 2013 2555 2089 Bake,

194 2124 242 2165 s,
289 2103 483 2162 Heine
529 2101 739 2180 Progr.
785 2103 922 2163 Poe.
966 2121 1023 2177 p.
1070 2104 1152 2162 10
1205 2123 1278 2143 ·-
1333 2120 1428 2170 ea,
1476 2121 1608 2176 qua.
1707 2106 1807 2163 17.
1846 2104 1928 2164 iis
1972 2105 2099 2177 frui
2150 2133 2226 2144 —-
2277 2104 2367 2161 his
2412 2104 2557 2175 frwi.

196 2195 299 2253 19.
347 2193 588 2251 Ennius
631 2190 887 2250 Hdechr.
934 2221 1020 2231 -—-
1067 2190 1249 2250 Enni.
1361 2193 1397 2249 2
1410 2194 1464 2249 1.
1513 2193 1870 2263 definiuntur
1914 2191 2171 2252 Hdschr.
2217 2222 2303 2232 —
2355 2192 2559 2262 defini-

190 2285 319 2343 wnt.
422 2284 522 2341 ira
567 2282 829 2341 acerbior
874 2280 1003 2340 odio
1050 2284 1102 2339 et
1144 2281 1347 2339 intimo
1393 2281 1560 2340 corde
1606 2297 1758 2342 conc.
1808 2280 2061 2341 F6rtsch
2108 2279 2351 2351 Quaest.
2398 2279 2557 2341 Tun.

190 2369 258 2431 H
305 2389 362 2445 p.
408 2371 487 2429 17
534 2367 754 2428 Numb.
807 2401 882 2410 -
932 2371 1032 2428 ira
1085 2370 1346 2428 acerbior
1398 2371 1601 2430 intimo
1657 2372 1853 2429 animo
1907 2375 1959 2430 et
2012 2372 2179 2429 corde
2234 2387 2385 2429 conc.
2433 2362 2560 2449 (ira

195 2460 461 2519 acerbior
505 2460 708 2517 intimo
754 2459 883 2517 odio
929 2462 982 2516 et
1026 2459 1193 2516 corde
1237 2475 1388 2517 conc.
1434 2451 1740 2540 Hdsehr.).
1830 2461 1930 2518 22.
1979 2456 2055 2534 [a
2097 2462 2256 2519 recta
2299 2454 2560 2532 ratione]

194 2547 463 2622 Bentley
512 2576 587 2588 —
643 2550 696 2604 et
738 2562 779 2605 a
821 2550 981 2604 recta
1023 2548 1249 2606 ratione
1296 2538 1379 2628 (et
1421 2546 1577 2606 fehlt
1620 2546 1686 2605 in
1730 2545 1846 2606 den
1890 2538 2196 2627 Hdschr.).
2281 2548 2383 2606 28.
2418 2564 2561 2621 pro-

196 2637 341 2696 clive
384 2634 733 2694 Lachmann
775 2652 823 2694 z.
859 2633 1084 2693 Lucrez
1128 2634 1194 2692 Π
1237 2655 1295 2711 p.
1336 2636 1419 2695 98
1473 2666 1551 2677 -
1599 2637 1897 2710 proclives.
1989 2638 2262 2709 feruntur
2305 2634 2560 2695 Hdschr.

194 2754 287 2766 —-
335 2724 619 2797 ferantur.
715 2724 818 2784 30.
863 2724 1154 2790 valetudo,
1200 2726 1382 2792 vires,
1416 2725 1791 2798 pulchritudo
1838 2724 2100 2802 Seyffert
2145 2755 2230 2767 -—
2276 2724 2561 2792 valetudo,

182 2812 583 2889 pulchritudo,
629 2813 797 2871 vires.
891 2813 993 2871 31.
1041 2816 1094 2870 et
1138 2812 1398 2872 celeritas
1444 2812 1610 2872 Bake
1649 2843 1734 2854 —
1780 2814 2055 2874 celeritas.
2144 2815 2342 2874 morbo
2387 2817 2561 2886 temp-

196 2903 322 2962 tari
363 2917 482 2959 non
513 2904 790 2974 possunt,
847 2916 1093 2974 corpora
1133 2905 1385 2974 posswnt
1429 2899 1687 2961 Hdschr.
1736 2933 1820 2942 —-
1867 2904 2066 2962 morbo
2121 2904 2390 2976 temptari
2423 2919 2561 2975 pos-

194 2994 355 3056 sumt,
400 2993 465 3048 ut
508 3006 754 3062 corpora
785 2993 1048 3062 possunt.
1144 2990 1246 3049 32.
1282 3007 1400 3048 non
1437 2991 1589 3049 enim
1624 2992 1689 3048 in
1722 2991 1851 3050 ulla
1887 2992 2143 3063 ecferata
2176 2990 2435 3066 Bentley
2458 3021 2552 3049 .—

196 3081 342 3139 swnt
394 3080 546 3136 enim
588 3078 775 3137 multa
830 3079 1098 3150 ecferata.
1191 3070 1339 3160 (non
1384 3080 1538 3138 enim
1581 3079 1767 3138 nmlta
1810 3071 2097 3160 Hdschr.)
2202 3081 2283 3139 37
2291 3126 2304 3139 .
2352 3083 2456 3138 aut
2497 3081 2564 3136 in

197 3167 416 3228 studiis
458 3167 729 3225 huananis
784 3165 931 3224 latet
974 3164 1044 3225 B.
1092 3183 1219 3227 aue.
1321 3167 1424 3227 40.
1472 3169 1551 3226 sit
1603 3184 1673 3227 ea
1725 3170 1952 3228 modica
1994 3167 2162 3227 Bake
2210 3198 2294 3209 —
2341 3169 2443 3227 sed
2494 3183 2564 3226 ea

196 3256 447 3315 modica.
559 3255 664 3315 44.
720 3256 852 3313 c‘um
912 3271 1181 3313 somnum
1243 3271 1446 3329 capere
1507 3273 1625 3314 non
1675 3261 1874 3330 posset
1928 3255 2188 3332 Seyffert
2237 3286 2312 3298 —
2377 3253 2566 3330 [quod

202 3361 477 3405 sonmwm
521 3359 725 3417 capere
767 3360 888 3401 non
920 3338 1165 3416 possetJ.
1274 3344 1378 3402 46.
1426 3346 1528 3417 qui
1571 3345 1951 3417 iqnominiam
1996 3344 2139 3404 latet
2182 3343 2391 3403 Baiter
2436 3362 2572 3403 aue..

203 3434 313 3492 47.
361 3434 713 3504 quaestione,
761 3448 792 3490 e
834 3449 945 3505 quo
992 3429 1250 3507 Seyffert
1296 3462 1377 3473 -
1427 3434 1773 3505 quaestione,
1819 3449 1929 3506 quo
1976 3425 2332 3512 (quaestione
2376 3450 2564 3507 aequa

201 3511 510 3601 Hdschr.)
594 3521 698 3579 48.
731 3519 1125 3580 Pacideianus
1166 3550 1248 3564 —
1284 3519 1659 3581 Pacidianus.
1750 3522 1877 3593 furi
1913 3520 2162 3581 Tischer
2194 3553 2269 3565 —
2302 3515 2350 3599 †
2378 3524 2562 3582 suria.

204 3611 315 3668 53.
362 3613 415 3668 et
457 3610 689 3668 canuno
733 3606 925 3667 Heine
978 3639 1054 3648 —
1107 3612 1213 3668 aut
1254 3610 1503 3669 onmino.
1604 3610 1705 3670 56.
1755 3607 1870 3684 Qui
1911 3611 1979 3669 id
2021 3612 2341 3685 approbari
2383 3610 2563 3686 Vulg.

205 3727 299 3739 —-
344 3699 475 3770 quis
526 3699 590 3757 id
642 3698 968 3771 amrobare
1013 3688 1175 3776 (quis
1224 3698 1290 3757 id
1342 3700 1662 3772 approbari
1713 3690 2017 3778 Hdsehr.).
2131 3701 2233 3760 58.
2278 3700 2368 3759 his
2418 3701 2567 3772 ipsis

203 3784 466 3845 Hdsehr.
513 3817 597 3826 —
645 3779 791 3861 [iis]
834 3787 995 3860 ipsis.
1109 3786 1209 3844 61.
1255 3787 1346 3846 vel
1397 3787 1560 3847 mala
1605 3818 1690 3829 —
1736 3788 1827 3846 vel
1881 3789 2031 3847 bona
2075 3787 2336 3863 Bentley
2382 3817 2466 3829 -
2516 3791 2568 3845 et

204 3874 375 3934 mala
433 3905 507 3915 —
569 3879 621 3933 et
672 3875 824 3943 bona
889 3865 1020 3955 (nec
1070 3875 1234 3934 mala
1289 3906 1373 3917 —
1427 3894 1532 3936 nec
1590 3877 1741 3936 bona
1792 3867 2095 3957 Hdschr.).
2210 3877 2308 3936 66.
2367 3892 2569 3936 cavere

39 3938 74 4016 ἵ.
129 4033 137 4039 ,
206 3964 367 4024 decet
398 3962 585 4022 Davis
624 3993 709 4004 —
736 3963 1048 4037 providere
1083 3964 1236 4023 decet
1272 3955 1588 4044 (confidere
1626 3966 1779 4025 decet
1820 3958 2124 4045 Hdschr.).
2218 3966 2318 4025 68.
2367 3967 2461 4024 cui
2502 3966 2578 4023 in·

206 4069 396 4110 manu
447 4050 702 4112 Hdschr.
767 4082 856 4094 --
920 4054 1086 4111 cuius
1146 4054 1213 4111 in
1273 4069 1473 4113 manu.
1578 4055 1678 4115 74.
1724 4053 1848 4131 [vel
1911 4055 2029 4114 alio
2091 4050 2293 4129 modo]
2356 4051 2569 4112 Heine.

208 4141 399 4199 aliwm
440 4141 642 4214 pudor
692 4140 840 4199 latet
883 4139 1094 4200 Baiter
1147 4159 1271 4201 aue.
1386 4145 1486 4202 77.
1544 4145 1673 4217 quis
1725 4146 1860 4203 item
1913 4142 2263 4203 Fleckeisen
2313 4173 2390 4185 —
2441 4144 2593 4215 quis*

210 4231 422 4288 autem.
530 4230 631 4289 80.
700 4233 783 4290 est
846 4231 1040 4304 opinio
1098 4228 1292 4289 Heine
1360 4261 1439 4273 —
1510 4237 1593 4293 est
1654 4233 1998 4307 diffidentia.
2102 4233 2206 4292 81.
2270 4231 2585 4306 depellitur·

206 4315 537 4377 klammert
580 4317 791 4378 Baiter
835 4318 948 4378 ein.

2742 4090 2775 4107 l
2798 4081 2803 4085 .
