2902 4649
1428 2 1457 10 x
2186 2 2198 5 “
2571 0 2706 15 ν

2196 13 2207 50 k

1049 86 1063 99 ’
1138 123 1216 181 M.
1252 123 1503 178 TULLn
1539 121 1928 178 CICERONIS
2206 81 2235 170 ‘x

2238 199 2280 227 ...a

357 296 421 354 in
466 293 768 353 hominem
813 298 1093 371 possunt,
1142 289 1351 351 subter
1396 308 1463 351 se
1509 290 1688 351 habet
1735 308 1920 370 eaque
1969 230 2720 530 ἀθερίοἱθιιἫοοιι-

357 383 572 443 temnit
635 381 951 461 humanoS‚
1016 379 1307 459 culpaque
1371 381 1537 439 omni
1602 397 1814 439 carens
1876 388 2115 458 praeter
2182 398 2246 439 se
2311 381 2403 459 ips
2569 379 2721 440 nihil

360 478 567 532 censet
620 470 692 531 ad
750 488 813 530 se
870 471 1193 548 pertinere.
1283 468 1406 529 Nos
1449 476 1651 529 autem
1697 470 1895 529 omnia
1938 468 2185 528 adversa
2230 486 2370 529 cum
2415 487 2484 528 ve
2590 471 2719 530 ntia

362 126 490 189 100

360 567 522 622 metu
570 568 855 638 augentes
901 566 1031 619 tum
1071 576 1347 618 maerore
1391 559 1731 637 praesentia
1776 575 1980 618 rerum
2022 566 2298 618 naturam
2330 574 2514 636 quam
2548 573 2717 620 erro-

358 666 487 709 rem
532 658 806 714 nostrum
853 647 1134 708 damnare
1180 645 1492 707 malumus
2565 689 2577 710 2

541 736 660 797 Sed
725 746 784 797 et
842 736 1022 798 huius
1082 735 1290 816 culpae
1351 743 1412 796 et
1472 743 1814 796 ceterorum
1871 736 2153 796 vitiorum
2210 743 2717 815 peccatorumque

359 835 706 887 nostrorum
770 828 963 887 omnis
1032 843 1065 885 a
1129 823 1503 905 philosophia
1566 823 1823 904 petenda
1888 826 2183 885 correctio
2238 832 2356 885 est:
2422 826 2596 886 cuius
2652 826 2721 885 in

358 917 557 976 sinum
603 933 741 976 cum
788 933 822 974 a
857 916 1069 994 primis
1106 913 1481 993 temporibus
1517 915 1726 974 aetatis
1771 920 1978 973 nostra
2014 912 2287 974 voluntas
2328 908 2718 993 studiumque

357 1022 468 1065 nos
514 1004 899 1084 conpulisset,
945 1003 1040 1063 his
1088 1004 1453 1082 gravissimis
1500 1001 1737 1062 casibus
1778 1004 1845 1062 in
1883 1001 2142 1063 eundem
2178 999 2438 1084 portum,
2486 1020 2558 1063 ex
2595 1021 2719 1082 quo

357 1111 596 1154 eramus
642 1095 887 1172 egressi,
933 1110 1144 1171 magna
1189 1093 1391 1152 iactati
1434 1098 1788 1171 tempestate
1835 1091 2231 1170 confugimus
2308 1089 2359 1151 Ο
2398 1093 2550 1152 vitae
2587 1091 2720 1171 phi-

356 1181 624 1261 losophia
671 1181 809 1263 dux,
837 1200 890 1241 *o
937 1182 1177 1242 virtutis
1222 1179 1556 1259 indagatrix
1601 1178 2019 1259 expultrixque
2055 1178 2367 1241 vitiorum!
2413 1179 2555 1259 quid
2595 1198 2720 1241 non

358 1271 535 1332 modo
582 1289 692 1332 nos
702 1319 718 1352 ,
771 1270 880 1331 sed
927 1271 1169 1330 omnino
1216 1271 1334 1331 vita
1379 1269 1689 1329 hominum
1734 1270 1865 1329 sine
1912 1278 1971 1329 te
2020 1287 2153 1329 esse
2197 1265 2540 1348 potuisset?
2622 1268 2720 1329 Tu

357 1359 543 1420 urbes
588 1361 906 1441 peperisti,
961 1367 1029 1420 tu
1085 1357 1402 1439 dissipatos
1457 1357 1732 1418 homines
1786 1360 1850 1418 in
1907 1360 2253 1419 societatem
2299 1360 2454 1420 vitae
2498 1375 2717 1419 convo-

360 1450 529 1529 casti,
576 1458 642 1509 tu
690 1467 794 1509 eos
838 1450 997 1509 inter
1045 1466 1110 1508 se
1157 1450 1351 1527 primo
1398 1445 1729 1527 domiciliis,
1777 1446 1990 1508 deinde
2038 1448 2351 1528 coniugiiS,
2396 1447 2524 1508 tum
2559 1447 2717 1508 litte-

358 1555 564 1597 rarum
629 1545 690 1597 et
751 1555 965 1597 vocum
1033 1538 1451 1597 communione
1514 1537 1790 1617 iunxisti,
1864 1543 1932 1597 tu
1992 1538 2293 1597 inventrix
2354 1535 2613 1617 legum„
2648 1544 2718 1597 tu

358 1628 639 1705 magistra
703 1644 938 1687 morum
1005 1633 1066 1686 et
1131 1624 1477 1704 disciplinae
1542 1626 1726 1685 fuisti.
1817 1624 1905 1684 Ad
1968 1632 2029 1685 te
2094 1624 2500 1706 confugimuS,
2564 1642 2600 1685 a
2655 1634 2718 1685 te

356 1731 531 1794 opem
567 1718 849 1796 petimus,
895 1713 1006 1775 tibi
1042 1732 1172 1795 noS,
1217 1721 1286 1774 ut
1324 1722 1498 1773 antea
1534 1730 1745 1791 magna
1791 1731 1866 1774 ex
1909 1720 2097 1795 parte,
2144 1714 2232 1774 sic
2272 1731 2435 1775 nunc
2474 1715 2719 1793 penitus

357 1812 636 1882 totosque
694 1804 1001 1864 tradimus.
1093 1802 1202 1862 Est
1256 1810 1459 1862 autem
1513 1820 1673 1862 unus
1729 1801 1857 1863 dies
1918 1801 2072 1863 bene
2130 1809 2193 1863 et
2247 1820 2319 1862 ex
2379 1804 2720 1882 praeceptis

356 1895 477 1953 tuis
525 1900 694 1953 actus
738 1894 1011 1972 peccanti
1058 1890 1469 1952 inmortalitati
1512 1890 1979 1970 anteponendus,
2055 1890 2238 1952 Cuius
2283 1892 2468 1971 igitur
2513 1893 2719 1971 potius

356 1980 572 2060 opibus
638 1989 879 2043 utamur
944 1998 1123 2059 quam
1186 1981 1307 2040 tuis
1316 2026 1334 2060 ,
1398 1998 1552 2059 quae
1612 1988 1679 2040 et
1737 1982 1888 2040 vitae
1951 1979 2443 2060 tranquillitatem
2504 1980 2722 2059 largita

309 2086 341 2135 6
363 2070 534 2130 nobis
590 2088 657 2131 es
714 2078 775 2131 et
829 2079 1126 2130 terrorem
1190 2070 1403 2129 mortis
1469 2065 1804 2130 sustulisti?
1893 2068 1979 2130 Ac
2041 2068 2412 2149 philosophia
2470 2067 2719 2149 quidem

362 2166 593 2220 tantum
640 2159 807 2220 abest
851 2166 923 2219 ut
966 2157 1216 2238 proinde
1264 2176 1332 2218 ac
1379 2157 1454 2217 de
1499 2158 1809 2218 hominum
1863 2166 1955 2219 est
2001 2160 2118 2219 vita
2165 2160 2378 2219 merita
2423 2157 2720 2239 laudetur,

360 2257 428 2308 ut
491 2259 524 2307 a
583 2247 885 2328 plerisque
947 2247 1218 2327 neglecta
1282 2265 1315 2306 a
1375 2245 1580 2307 multis
1644 2248 1823 2306 etiam
1882 2249 2274 2327 vituperetur.
2363 2246 2719 2328 vituperare

362 2339 679 2417 quisquam
724 2339 877 2398 vitae
932 2344 1245 2418 parentem
1300 2343 1360 2397 et
1413 2335 1529 2396 hoc
1583 2336 1902 2414 parricidio
1959 2354 2024 2396 se
2069 2338 2385 2416 inquinare
2431 2337 2610 2398 audet
2659 2346 2722 2398 et

359 2434 482 2489 tam
541 2428 702 2506 inpie
762 2428 1032 2504 ingratus
1092 2443 1254 2506 esse,
1317 2433 1387 2485 ut
1447 2443 1577 2485 eam
1632 2433 1900 2506 accuset,
1967 2444 2144 2505 quam
2200 2428 2396 2487 vereri
2450 2425 2719 2506 deberet,

361 2516 539 2575 etiam
587 2517 639 2575 si
684 2517 883 2575 minus
928 2516 1238 2595 percipere
1284 2509 1621 2594 potuisset?
1705 2512 1849 2594 Sed,
1895 2522 1963 2575 ut
2009 2517 2247 2595 opinor,
2292 2514 2391 2575 hic
2436 2533 2607 2575 error
2657 2522 2721 2575 et

359 2602 508 2664 haec
563 2603 942 2664 indoctorum
999 2605 1211 2664 animis
1258 2603 1446 2663 offusa
1503 2602 1689 2681 caligo
1745 2610 1862 2684 est,
1924 2603 2084 2683 quod
2139 2615 2259 2664 tam
2313 2604 2488 2682 longe
2545 2612 2715 2663 retro

297 700 338 762 2

306 778 338 826 5

429 2811 705 2865 venientia
761 2836 828 2856 ==
882 2811 1095 2877 futura.
1171 2809 1252 2864 III
1301 2815 1487 2878 7,14
1593 2811 1692 2865 ten
1717 2809 2032 2880 gegriindet
2057 2809 2258 2865 haben.
2310 2809 2439 2880 Vgl.
2469 2808 2594 2866 Sen.
2624 2825 2718 2880 ep.

366 2881 617 2951 Quarwm
678 2898 862 2936 rerwm
916 2883 1238 2950 praesentia
1295 2896 1528 2948 summa
1594 2886 1681 2949 90,
1719 2882 1818 2935 δι’.

360 2953 427 3006 in
481 2954 853 3020 aeyrimdi‘ne,
907 2953 1117 3008 easdem
1164 2982 1231 2993 -—
1269 2955 1485 3007 venien·
1666 2953 1974 3007 lmen-aram
2009 2956 2060 3006 et
2093 2967 2311 3019 vocum,
2348 2951 2561 3007 Schrift
2593 2951 2717 3006 und

358 3027 436 3077 tes
471 3023 733 3077 timemus.
1593 3022 1917 3077 miindliche
1951 3022 2124 3077 Rode.

345 3160 350 3167 ἴ
432 3092 572 3163 Kap
612 3093 671 3149 2.
736 3099 788 3147 5.
836 3111 873 3148 a
898 3094 1104 3162 primis
1138 3094 1484 3176 temporibus
1664 3099 1740 3149 est
1777 3098 1956 3148 autem
1992 3109 2142 3148 tonus
2175 3095 2293 3150 dies
2328 3096 2432 3150 cet.
2480 3093 2717 3150 Posido—

359 3111 558 3219 'Uberp
577 3164 729 3220 disse
788 3163 1024 3218 Studien
1087 3164 1185 3219 des
1242 3165 1481 3235 jugend-
1591 3163 1717 3218 nius
1770 3165 1916 3219 nach
1964 3163 2097 3220 Seu.
2144 3181 2232 3235 ep.
2282 3170 2375 3230 ¹¹18,
2432 3170 2501 3220 28
2558 3167 2715 3236 sagt:

1588 3252 1739 3291 mws
1764 3237 1880 3290 dies
1906 3236 2187 3290 hommum
2214 3237 2555 3291 eruditorem
2578 3237 2716 3305 plus

1580 3312 1738 3376 patet
1802 3324 1973 3376 quam
2045 3308 2315 3375 imperitis
2394 3309 2414 3362 l

1589 3384 1755 3433 aetas.
1831 3378 1960 3446 Vgl.
1998 3378 2165 3433 Philo
2205 3378 2339 3444 Quis
2375 3395 2563 3433 rerum
2597 3378 2714 3434 div.

1588 3450 1704 3502 her.
1724 3467 1779 3518 p.
1802 3454 1904 3504 552
1940 3450 2104 3503 Μίαν
2140 3445 2263 3536 γὰρ
2286 3447 2507 3536 ἡμέραν
2534 3445 2711 3518 ὑγιει-

1587 3520 1699 3581 νῶς
1736 3517 1859 3574 εἷπε
1888 3515 2185 3608 προφήτης
2226 3516 2374 3608 ἀνὴρ
2402 3516 2719 3591 βούλεσθαι

356 3235 548 3291 lichen
585 3235 778 3291 Cicero
815 3253 857 3291 s.
896 3233 1043 3289 Einl.
1084 3240 1114 3300 ξ
1155 3242 1240 3290 12.

429 3307 651 3376 quid—
670 3324 780 3362 esse
801 3307 1100 3375 potuisset;
1125 3305 1182 3361 d.
1202 3306 1240 3360 i.
1273 3306 1331 3360 in
1351 3306 1482 3360 wel-

358 3379 522 3433 chem
560 3379 838 3432 Zustande
868 3382 1001 3445 etc.;
1039 3378 1147 3431 wie
1174 3395 1307 3432 man
1334 3378 1482 3432 auch

360 3450 491 3519 sagi,
524 3451 669 3504 nihil
704 3466 839 3505 sum.
910 3449 985 3503 ad
1020 3449 1301 3504 Attic.111
1333 3455 1417 3518 15,
1447 3455 1480 3503 2

433 3522 494 3575 id
529 3522 673 3575 enim
713 3519 875 3575 sum?
947 3521 1059 3575 Wo
1096 3521 1353 3590 dagegen
1390 3520 1481 3574 die

409 3607 573 3645 erson
619 3589 794 3645 allein
838 3591 1289 3660 beriicksiehtigt
1323 3592 1480 3659 wird,

359 3662 514 3716 steht
556 3663 670 3731 qui.
745 3662 818 3715 ad
852 3662 983 3715 fam.
1022 3660 1128 3715 VII
1165 3668 1320 3732 23,1
1369 3663 1482 3729 fae,

359 3734 1029 3873 qugueytssrggsmpeessgssistgt:
1082 3804 1152 3858 de
1190 3805 1327 3858 orat.
1363 3803 1393 3856 Ι
1428 3810 1480 3873 8,

359 3875 494 3930 32f.
534 3875 650 3929 und.
685 3875 757 3930 de
796 3875 910 3929 inv.
947 3874 974 3927 I
1010 3881 1061 3945 2,
1100 3881 1132 3928 2
1170 3874 1312 3930 wird
1356 3875 1482 3929 das·

361 3946 516 4001 selbe
562 3945 864 4001 Verdienst
914 3946 1015 4000 der
1050 3918 1484 4002 Beredsamkeit

361 4017 665 4087 beigelegt.
717 4018 823 4072 Die
858 4016 1096 4073 Ansicht
1132 4016 1352 4071 scheint
1387 4035 1480 4071 zu-

359 4087 750 4158 riickzugehen
777 4087 879 4143 auf
901 4089 1010 4143 den
1032 4087 1354 4157 Ausspruch
1380 4089 1480 4144 des

360 4159 709 4228 Posidonius,
747 4159 870 4215 dass
907 4159 989 4214 im
1025 4158 1304 4230 goldenen
1337 4160 1481 4214 Zeit-

362 4231 508 4285 alter
562 4231 652 4285 die
704 4230 932 4286 Weisen
985 4228 1316 4301 geherrscht
1366 4231 1482 4285 und

362 4300 441 4357 sie
479 4300 571 4356 die
610 4301 842 4357 Gesetze
878 4302 1134 4372 gegeben
1169 4301 1283 4355 und
1320 4301 1480 4358 staa-

1590 3591 1828 3674 βιῶναι
1842 3587 1984 3674 μετὰ
2036 3587 2243 3677 ἀρετῇς
2293 3586 2330 3660 ἢ
2382 3594 2558 3678 μυρία
2617 3590 2716 3660 ἔτη

1591 3658 1654 3717 ἐν
1686 3662 1833 3745 σκιᾷ
1882 3662 1983 3717 τοῦ
2036 3659 2317 3718 θανάτου.
2393 3659 2563 3718 σκιὰν
2612 3661 2719 3717 τὸν

1589 3733 1813 3802 φαῦλον
1870 3730 2260 3804 αἰνιττόμενος
2306 3736 2447 3815 βίον.
2524 3733 2721 3789 Psalm

1589 3809 1683 3872 84,
1736 3811 1799 3859 11
1856 3805 2019 3860 Denn
2072 3805 2164 3859 ein
2219 3806 2344 3875 Tag
2395 3823 2457 3858 ιιι
2512 3805 2720 3862 deinen

1588 3874 1878 4001 νοιὲιὸἒθιι
1912 3877 1988 3931 ist
2029 3877 2220 3931 besser
2270 3876 2355 3931 als
2394 3878 2555 3932 sonst
2589 3879 2718 3933 tau-

1589 3964 1688 4001 sen

1652 4019 1908 4086 peccanti
1936 4019 2358 4083 immortalitati,
2377 4018 2534 4074 einer
2552 4022 2723 4077 unter-

1591 4087 2035 4159 Sohleehtigkeit
2111 4090 2229 4145 und
2309 4090 2512 4147 Laeter
2589 4108 2722 4147 ver—

1590 4161 1863 4216 brachten
1898 4159 2195 4230 Ewigkei‘t.

1662 4238 1713 4286 6.
1765 4237 1910 4287 retro
1962 4234 2250 4301 respicere,
2304 4231 2396 4287 ein
2451 4233 2724 4291 ziemlich

1589 4303 1843 4374 h'aufiger
1868 4303 2247 4359 Pleonasmus.
2293 4303 2441 4360 Hirt.
2462 4306 2518 4362 b.
2540 4304 2721 4362 Afric.
