2902 4649
596 122 1197 181 TUSCULANARUM
1234 123 1845 181 DISPUTATIONUM
1883 124 1923 181 I.
1965 127 2191 182 61—55.
2488 122 2573 187 39

217 292 388 372 soliS,
437 294 700 372 quinque
750 294 1079 354 errantium
1125 298 1323 353 motus
1368 293 1432 352 in
1481 290 1793 371 sphaeram
1837 291 2127 372 inligavit,
2176 291 2372 351 effecit
2415 288 2574 350 idem

218 381 380 464 quod
444 379 570 463 ille,
635 384 739 460 qui
798 384 862 443 in
916 381 1158 443 Timaeo
1215 379 1504 442 mundum
1560 379 1889 442 aedificavit
1940 380 2204 442 Platonis
2269 380 2444 459 deuS,
2507 385 2576 440 ut

217 470 499 533 tarditate
539 478 627 532 'et
690 470 993 532 celeritate
1048 469 1474 531 dissimillimos
1529 479 1727 531 motus
1783 487 1898 530 una
1954 476 2192 549 regeret
2246 469 2575 529 conversio.

214 558 393 645 Quod
442 561 493 619 si
537 561 599 620 in
644 559 758 620 hoc
804 559 1027 621 mundo
1073 560 1205 620 fieri
1262 561 1391 620 sine
1447 557 1562 619 deo
1617 576 1737 618 non
1790 564 2017 639 potest,
2071 576 2147 618 ne
2204 559 2267 617 in
2324 555 2575 636 sphaera

215 648 461 731 quidem
525 648 765 709 eosdem
829 656 1029 709 motus
1084 646 1473 709 Archimedes
1532 649 1660 708 sine
1722 646 1919 708 divino
1979 649 2220 728 ingenio
2279 646 2574 725 potuisset

215 739 455 801 imitari.

394 826 540 887 Mihi
596 844 734 887 vero
799 845 875 887 ne
928 826 1075 887 haec
1133 827 1372 906 quidem
1429 828 1660 887 notiora
1727 833 1788 886 et
1850 825 2196 887 inlustriora
2253 840 2458 884 carere
2514 825 2623 924 vi
2594 795 2682 861 26

212 919 414 980 divina
458 915 763 997 videntur,
818 923 885 976 ut
932 933 1041 995 ego
1088 923 1191 976 aut
1235 921 1472 995 poetam
1519 933 1695 994 grave
1741 913 2105 994 plenumque
2153 929 2393 973 carmen
2441 875 2623 971 sine6

212 1005 460 1070 caelesti
523 1003 720 1083 aliquo
783 1006 1002 1066 mentis
1063 1006 1353 1065 instinctu
1416 1013 1625 1083 putem
1690 1004 1939 1066 fundere
2005 1011 2107 1064 aut
2170 1001 2571 1080 eloquentiam

210 1101 346 1159 sine
392 1095 616 1154 maiore
663 1092 915 1172 quadam
962 1095 1019 1154 vi
1073 1092 1262 1154 fluere
1317 1092 1718 1154 abundantem
1775 1091 2126 1154 sonantibus
2173 1089 2369 1151 verbis
2426 1088 2568 1150 ube·

211 1184 503 1262 ribusque
550 1185 882 1245 sententiis.
974 1181 1351 1261 Philosophia
1390 1201 1557 1263 vero,
1604 1184 1870 1244 omnium
1908 1189 2097 1242 mater
2134 1181 2379 1260 artium,
2426 1178 2567 1257 quid

210 1281 309 1336 est
353 1271 511 1332 aliud
557 1273 699 1353 nisi,
745 1279 813 1332 ut
849 1271 1040 1352 Plato,
1087 1270 1337 1352 donum,
1381 1279 1451 1332 ut
1497 1290 1635 1352 ego,
1680 1272 1986 1332 inventum
2025 1264 2320 1330 deorum?
2408 1266 2568 1328 Haec

215 1381 329 1424 nos
376 1362 635 1439 primum
683 1360 753 1420 ad
801 1359 1038 1420 illorum
1086 1359 1340 1441 cultum,
1385 1359 1600 1421 deinde
1648 1360 1721 1421 ad
1767 1360 1862 1421 ius
1907 1359 2241 1438 hominum,
2289 1358 2448 1437 quod
2491 1357 2568 1416 si-

211 1464 347 1513 tum
392 1457 484 1510 est
529 1451 592 1509 in
637 1451 877 1528 generis
921 1448 1167 1509 humani
1213 1451 1526 1530 societate,
1579 1457 1708 1510 tum
1760 1449 1830 1510 ad
1878 1447 2230 1510 modestiam
2273 1449 2565 1526 magnitu-

208 1541 532 1617 dinemque
579 1541 758 1598 animi
805 1538 1085 1618 erudivit,
1132 1537 1458 1617 eademque
1514 1538 1587 1598 ab
1643 1540 1839 1599 animo
1892 1548 2195 1616 tamquam
2247 1534 2320 1595 ab
2377 1535 2567 1597 oculis

208 1629 524 1708 caliginem
580 1625 852 1707 dispulit,
916 1635 986 1688 ut
1049 1628 1246 1687 omnia
1311 1645 1529 1706 supera
1583 1627 1801 1708 infera,
1864 1629 2054 1707 prima
2111 1622 2318 1687 ultima
2372 1625 2566 1686 media

208 1718 567 1779 videremus,
657 1714 916 1776 Prorsus
969 1715 1116 1776 haec
1172 1715 1390 1776 divina‘
1421 1715 1568 1777 mihi
1623 1716 1857 1777 videtur
1911 1718 2029 1798 vis,
2094 1732 2245 1793 quae
2310 1720 2399 1775 tot
2464 1731 2563 1775 res
2584 1722 2654 1772 65

206 1808 428 1868 efficiat
465 1813 526 1866 et
562 1812 772 1866 tantas.
851 1804 1008 1876 Quid
1044 1813 1139 1865 est
1175 1806 1335 1865 enim
1372 1806 1659 1867 memoria
1696 1823 1902 1865 rerum
1939 1813 2000 1866 et
2035 1802 2384 1884 verborum,
2420 1803 2565 1883 quid

203 1912 390 1977 porro
426 1890 737 1955 inventio?
779 1893 1056 1955 Profecto
1092 1893 1182 1975 id,
1218 1912 1337 1974 quo
1376 1913 1451 1955 ne
1488 1897 1552 1955 in
1588 1895 1700 1955 deo
1738 1897 1980 1970 quidem
2017 1894 2337 1974 quicquam
2372 1894 2564 1953 maius

205 1983 476 2064 intellegi
509 1991 725 2062 potest.

807 1982 940 2044 Non
978 1985 1137 2043 enim
1175 1983 1470 2044 ambrosia
1509 1983 1652 2043 deos
1701 1992 1803 2044 aut
1839 1991 2081 2044 nectare
2118 1989 2222 2042 aut
2256 1980 2562 2043 Iuventate

202 2073 418 2154 pocula
465 2073 842 2133 ministrante
888 2070 1095 2133 laetari
1131 2072 1415 2153 arbitror,
1462 2090 1575 2134 nec
1612 2071 1940 2133 Homerum
1986 2071 2186 2149 audio,
2234 2072 2336 2148 qui
2375 2069 2562 2149 Gany-

200 2158 442 2227 medem
478 2159 552 2220 ab
590 2160 682 2221 dis
710 2169 948 2240 raptum
981 2164 1062 2222 ait
1087 2169 1336 2241 propter
1364 2162 1633 2242 formam,
1670 2171 1738 2222 ut
1774 2160 1897 2220 Iovi
1935 2159 2139 2221 bibere
2169 2161 2560 2238 ministraret3

196 2406 264 2517 {³3
292 2385 1177 2514 ΞίξξξιῖἔῖιἫῖιὲῗὲῃὲἫέἒ
1195 2385 1330 2513 1¹3¹}ss

193 2529 534 2587 laufszeiten
560 2529 824 2600 drehten,
859 2529 967 2584 wie
994 2527 1056 2583 in
1082 2529 1182 2583 der
1208 2529 1327 2584 Na.—

192 2606 321 2671 tur,
361 2599 550 2656 nodare
589 2600 767 2656 selbst
805 2571 898 2655 die
932 2600 1327 2655 Mondfinster-

193 2673 354 2729 nisse
402 2672 524 2726 sich
566 2670 934 2743 regelmassig
977 2671 1322 2727 darstellten.

190 2746 255 2801 S.
295 2742 390 2798 die
425 2741 849 2813 Beschreibung
897 2743 949 2797 b.
989 2741 1102 2797 Cic.
1149 2742 1219 2797 de
1261 2759 1325 2797 re

291 2816 321 2870 1
359 2831 405 2869 c.
449 2819 532 2869 14.

192 2835 253 2888 P
229 2892 338 3012 but
373 2886 638 2941 tarditate
674 2888 778 2941 cet
852 2884 996 2939 Plat.
1029 2884 1172 2940 Tim.
1211 2890 1327 2939 39a.

358 2954 421 3013 ἑν
465 2956 621 3043 (τῶν
633 2951 907 3042 ἀστέρων)
955 2958 1213 3026 μείζονα,
1260 2952 1324 3009 τὸ

188 2978 261 3084 δο
334 3023 513 3082 λείπω
550 3022 759 3083 κύκλον
798 3024 915 3113 ἰόν,
965 3029 1183 3082 θᾶττον
1218 3025 1327 3097 μὲν

186 3097 265 3155 τὰ
315 3118 419 3155 τον
466 3094 705 3168 ἐλάττω,
762 3095 832 3152 τὰ
890 3097 954 3153 δὲ
1006 3094 1108 3154 τὸν
1153 3100 1323 3169 μείζω

187 3166 630 3242 βραδύτερον
664 3141 939 3253 περιῄειν.

263 3239 562 3325 potdisset,
630 3241 721 3296 die
784 3240 1042 3311 Bedingu
1181 3239 1326 3322 liegt

184 3313 360 3369 nicht
411 3312 473 3366 in
525 3312 577 3366 si
613 3343 681 3352 -
712 3317 913 3381 potest,
970 3328 1075 3366 son
1112 3327 1213 3366 ern
1263 3329 1325 3366 m

182 3386 314 3440 siue
378 3384 571 3439 divino
631 3385 871 3453 inqenio.
949 3381 1028 3435 IV
1095 3388 1186 3451 19,
1251 3388 1325 3437 44

184 3471 500 3524 numquam
525 3459 708 3509 tantos
731 3469 1054 3524 prome-saue
1077 3470 1198 3509 eme
1223 3455 1323 3523 fla-

132 3541 139 3546 ·
184 3528 390 3652 φιέηιί
356 3526 729 3666 Ρειὲἂίᾱίιὲιέε
762 3527 944 3665 factsere
968 3527 1301 3652 {gzuiaseduots

788 3614 830 3650 u
947 3614 986 3650 u
1296 3615 1321 3651 s

896 3612 1002 3722 Die
1035 3667 1091 3722 N
1199 3667 1322 3723 tion

180 3598 316 3724 ichK
325 3615 572 3748 glauben
610 3668 820 3722 sollte’.

186 3738 475 3796 erstreckt
509 3737 630 3793 sich
667 3738 773 3792 mit
806 3738 910 3793 auf
951 3737 1060 3794 den
1105 3755 1141 3793 a
1180 3739 1320 3793 han

184 3812 368 3895 gigen
424 3809 570 3882 Satz.
643 3809 698 3864 Π
750 3815 843 3878 19,
899 3815 969 3864 45
1022 3826 1322 3880 numquam

181 3883 458 3939 terminat
489 3896 589 3936 nec
622 3852 1029 3951 maqnit’udinie
1061 3897 1161 3937 uec
1195 3881 1319 3936 diu·

182 3954 490 4009 tamitatia
541 3953 788 4020 modum,
842 3958 907 4007 ut
959 3954 1130 4007 sciam
1183 3953 1321 4022 quid

178 4040 465 4080 summum
498 4024 651 4078 dicat
685 4025 749 4078 iu
785 4024 983 4079 dolore.

178 4093 985 4222 deffiasseffzgnfitznalqgefflggs
959 4097 1192 4237 gegffgft
1219 4093 1317 4221 ἔξει

177 4236 440 4307 Inhalts,
480 4236 583 4293 das
621 4235 816 4292 zweite
854 4183 999 4291 aufg
998 4236 1090 4291 die
1128 4237 1316 4291 Wort—

175 4308 371 4364 stille.

1508 2392 1573 2441 ut
1595 2386 1787 2442 Plato.-
1816 2385 2064 2442 numlich
2090 2385 2254 2452 dicit,
2273 2386 2397 2442 eine
2425 2386 2561 2441 hau-

1436 2458 1549 2549 fige
1584 2457 1815 2544 Ellipse.
1889 2457 2035 2513 Plat.
2068 2456 2211 2513 Tim.
2244 2474 2299 2527 p.
2330 2463 2445 2513 478
2499 2453 2560 2525 ἐξ

1434 2524 1517 2585 ὧν
1556 2524 1960 2618 ἐπορισάμεθα
1995 2529 2335 2617 φιλοσοφίας
2376 2524 2561 2617 revoc,

1434 2590 1504 2656 οὗ
1544 2603 1736 2671 μεῖζον
1772 2596 2004 2669 αγαθὸν
2040 2595 2167 2655 οὔτ’
2198 2593 2378 2669 ἦλθεν
2415 2594 2556 2655 οὔθ’

1441 2666 1561 2739 “gat
1595 2668 1732 2727 ποτε
1770 2671 1847 2744 τῷ
1883 2672 2079 2743 θνητῷ
2109 2667 2265 2741 γε’νει
2292 2669 2559 2742 δωρηθὲν

1466 2764 1501 2799 κ
1535 2742 1712 2799 θεῶν.

1507 2816 1598 2869 ius
1622 2815 1928 2879 hominum,
1955 2815 2103 2884 quod
2127 2815 2293 2870 sitaema
2320 2822 2422 2883 eet,
2453 2820 2557 2872 cet.

1432 2885 1488 2941 d.
1524 2886 1561 2940 i.
1599 2886 1848 2953 iustitia,
1894 2902 2034 2955 quae
2080 2888 2145 2942 in
2183 2888 2435 2943 societate
2469 2889 2558 2944 ho-

1430 2959 1645 3012 miuum
1689 2962 1969 3029 tamquam
2015 2958 2375 3024 fwmlameuto
2424 2961 2556 3014 niti-

1431 3033 1542 3085 tur.
1616 3028 1687 3083 de
1725 3028 1815 3084 off
1853 3027 1881 3080 I
1919 3034 2077 3097 ‘1‚20
2123 3045 2188 3086 ea
2223 3031 2398 3097 ratio,
2448 3047 2559 3100 qua

1429 3101 1659 3155 societas
1684 3101 1967 3155 homiuum
1992 3101 2137 3155 iuter
2162 3101 2311 3185 ipsos
2338 3107 2389 3156 et
2413 3104 2558 3158 vitae

1430 3172 1790 3227 communitae
1816 3172 2150 3238 continetur,
2186 3173 2347 3227 cuius
2365 3178 2558 3241 partes

1430 3243 1605 3298 duae.-
1640 3243 1950 3299 iustitia—
1970 3244 2336 3310 beneficentia.
2358 3273 2429 3283 —
2450 3243 2556 3298 Die

1430 3317 1467 3366 4
1534 3313 1888 3385 platonisch-
1904 3313 2188 3368 stoischen
2259 3312 2555 3369 Kardinal-

1430 3383 1719 3470 tugenden
1768 3385 1993 3440 werden
2013 3384 2412 3471 angedeutet.
2468 3386 2554 3439 δι-

1430 3452 1734 3524 καιοσύνη,
1766 3451 2133 3526 σωφροσύνη,
2161 3450 2399 3524 ἀνδρεία
2419 3456 2496 3526 (d.
2515 3456 2552 3511 i.

1428 3498 1754 3596 maguitudb
1791 3544 1883 3581 au.
1887 3529 1936 3596 ),
1975 3526 2166 3594 σοφία.

1502 3604 1587 3652 65.
1627 3597 1924 3653 Iuventas.-
1965 3597 2028 3654 Il.
2055 3596 2134 3650 IV
2164 3604 2193 3651 1
2226 3594 2285 3685 οἱ
2316 3595 2381 3654 δὲ
2420 3599 2555 3654 θεοὶ

1426 3668 1598 3754 παρὰ
1648 3672 1692 3722 Ζ
1731 3667 1788 3723 νὶ
1848 3665 2174 3757 καθήμενοι
2228 3664 2552 3756 ἠγορόωντο

1425 3734 1643 3812 χρυσέῳ
1723 3760 1756 3793 ν
1802 3738 2065 3827 δαπέδῳ,
2153 3736 2251 3795 ev&
2290 3737 2352 3796 δέ
2394 3759 2552 3811 σφισι

1425 3795 1632 3865 notri&
1655 3805 1801 3885 ’Ἥβη
1837 3808 2047 3877 νέκταρ
2119 3808 2370 3884 ῳνοχόει.

1499 3881 1882 3969 Ganymeden:
1918 3882 1982 3941 IL
2012 3883 2117 3938 XX
2142 3889 2248 3937 232
2290 3879 2551 3954 Γανυμή-

1426 3953 1556 4021 6ης,
1594 3947 1662 4016 ὃς
1703 3949 1796 4044 δὴ
1824 3950 2115 4017 κάλλιστος
2160 3950 2360 4042 γένετο
2405 3958 2550 4025 θνη·
2570 4000 2577 4008 .

1426 4024 1540 4078 τῶν
1595 4017 1950 4096 «iubentium,
1991 4022 2113 4080 ’τὸν
2166 4027 2266 4080 καὶ
2323 4021 2552 4112 ἀνηρεί-

1425 4106 1614 4163 ψαντο
1650 4096 1785 4151 θεοὶ
1815 4095 1911 4151 Διὶ
1935 4068 2289 4166 οἰνοχοεύειν
2317 4093 2552 4160 κάλλεος

1427 4167 1622 4221 εἵνεκα
1660 4165 1764 4223 οἷο.

1496 4239 1675 4294 bibere
1707 4240 2053 4294 ministrare.-
2105 4255 2214 4293 nur
2266 4238 2327 4293 in
2368 4238 2552 4295 dieser

1421 4308 1736 4365 Redensart
1787 4309 1965 4365 findet
2026 4309 2148 4365 sich
2211 4309 2358 4365 nach
2414 4310 2549 4366 dare
