2902 4649
573 124 1180 234 TUSCULANARUM
1216 175 1827 234 DISPUTATIONUM
1862 178 1902 233 Ι.
1941 185 2170 235 40—42.
2465 180 2551 245 27

197 344 496 407 intellecta
532 353 771 427 natura,
809 345 997 407 multo
1036 347 1213 406 etiam
1249 347 1578 425 integriora
1615 363 1684 406 ac
1721 347 1967 426 puriora
2005 356 2147 409 suut
2159 395 2178 429 ,
2211 355 2285 425 ut
2320 365 2353 408 a
2391 356 2555 409 terra

197 434 537 514 longissime
584 452 649 495 se
698 434 980 496 ecferant.
1069 432 1301 496 Horum
1347 436 1533 514 igitur
1585 433 1808 515 aliquid
1854 437 2089 497 animus
2136 444 2250 511 cst,
2305 455 2381 497 ne
2433 443 2555 497 tam

197 531 400 603 vegeta
446 541 617 584 mens
671 531 775 585 aut
828 526 891 584 in
937 523 1117 585 corde
1163 522 1491 585 cerebrove
1545 532 1649 595 aut
1700 526 1764 584 in
1808 521 2207 605 Empedocleo
2264 527 2553 603 sanguine

197 612 467 673 demersa
510 615 717 673 iaceat.
809 611 1238 674 Dicaearchum
1273 630 1417 673 vero
1456 631 1593 674 cum
1621 612 1977 674 Aristoxeno
2025 613 2259 694 aequali
2305 622 2366 675 et
2412 631 2551 674 con·
2576 608 2659 676 18

196 699 486 780 discipulo
533 720 670 783 suo,
727 701 937 763 doctos
983 719 1125 763 sane
1173 701 1474 784 homiues,
1530 703 1902 784 omittamuS,
1958 719 2216 782 quorum
2270 701 2421 764 alter
2475 720 2553 763 ne

195 790 571 851 condoluisse
617 790 861 870 quidem
905 808 1190 871 umquam
1234 791 1499 871 videtur,
1556 792 1660 871 qui
1704 793 1970 852 animum
2027 810 2091 852 se
2148 791 2371 872 hahere
2431 810 2554 852 non

199 882 439 961 sentiat,
496 878 644 941 alter
697 881 782 941 ita
838 879 1169 941 delectatur
1224 881 1350 941 suis
1405 878 1705 960 cantibuS,
1760 887 1831 942 ut
1884 898 1989 941 eos
2043 882 2223 942 etiam
2278 880 2353 941 ad
2405 880 2553 942 haec

197 968 522 1029 transferre
561 977 828 1030 conetur.
910 967 1295 1030 Harmoniam
1332 978 1534 1030 autem
1573 987 1646 1030 ex
1683 968 2009 1030 intervallis
2046 987 2336 1032 sonorum
2373 988 2551 1030 nosse

194 1075 538 1139 possumus,
590 1075 848 1137 quorum
892 1060 1053 1119 varia
1100 1060 1433 1137 conpositio
1482 1061 1661 1119 etiam
1704 1056 2046 1119 harmonias
2092 1058 2279 1120 efficit
2322 1059 2550 1139 plureS,

193 1146 600 1207 membrorum
645 1164 788 1207 vero
835 1148 988 1208 situs
1025 1153 1088 1208 et
1125 1146 1315 1226 figura
1352 1149 1624 1226 corporis
1662 1165 1875 1208 vacans
1912 1149 2108 1208 animo
2148 1165 2326 1227 quam
2361 1150 2553 1227 possit

195 1233 562 1295 harmoniam
608 1235 847 1296 efficere
894 1253 1014 1296 non
1061 1233 1251 1296 video.
1345 1234 1465 1296 Sed
1509 1235 1607 1296 hic
1656 1234 1924 1317 quidem,
1970 1239 2240 1314 quamvis
2278 1236 2553 1298 eruditus

196 1325 299 1406 sit,
337 1325 495 1384 sicut
532 1332 650 1404 est,
684 1323 833 1385 haec
869 1326 1154 1404 magistro
1194 1325 1484 1385 concedat
1519 1324 1851 1406 Aristoteli,
1890 1343 2105 1386 canere
2143 1327 2272 1405 ipse
2312 1325 2551 1408 doceat3

192 1411 344 1473 hene
391 1415 550 1473 enim
595 1412 697 1473 illo
745 1412 1110 1475 Graecorum
1153 1413 1474 1493 proverbio
1519 1415 1915 1493 praecipitur:

508 1536 690 1594 quam
735 1517 991 1595 quisque
1036 1523 1205 1582 norit
1249 1517 1473 1594 artem,
1525 1523 1590 1591 in
1635 1522 1757 1582 hac
1801 1539 1869 1583 sc
1916 1519 2227 1583 exe'rceat.

192 1625 357 1687 Illam
416 1644 558 1686 vero
624 1625 894 1687 funditus
960 1628 1243 1688 eiciamus
1307 1625 1751 1687 individuorum
1816 1645 2140 1707 corporum
2203 1627 2424 1688 levium
2487 1639 2549 1689 et
2568 1637 2637 1687 42

186 1714 591 1777 rutundorum
632 1716 1089 1775 concursionem
1135 1715 1471 1796 fortuitam,
1518 1732 1695 1794 quam
1741 1724 1940 1776 tamen
1979 1715 2357 1778 Democritus
2405 1735 2544 1777 con-

187 1803 531 1865 calefactam
588 1812 649 1865 et
703 1802 1073 1885 spirabilem,
1133 1803 1195 1864 id
1260 1812 1352 1865 est
1415 1804 1755 1887 animalem,
1811 1823 1944 1866 esse
2000 1805 2139 1867 volt.
2230 1805 2289 1866 Is
2344 1814 2547 1867 autem

188 1895 450 1973 animuS,
506 1894 638 1974 qui,
702 1894 753 1952 si
809 1900 901 1953 est
954 1892 1172 1953 horum
1227 1899 1512 1973 quattuor
1566 1911 1881 1976 generum,
1946 1912 2020 1954 ex
2076 1893 2295 1973 quihus
2351 1896 2549 1955 omnia

187 1991 468 2042 constare
524 1980 834 2062 dicuntur,
901 1999 975 2041 ex
1036 1981 1397 2042 inflammata
1463 1984 1657 2042 anima
1714 1991 1974 2063 constat,
2040 1991 2108 2043 ut
2168 1985 2551 2063 potissimum

184 2070 381 2132 videri
425 2069 596 2130 video
643 2068 954 2151 Panaetio,
1002 2073 1314 2150 superiora
1359 2081 1632 2150 capessat
1675 2089 1924 2133 necesse
1972 2080 2080 2133 est.

2171 2071 2333 2133 Nihil
2389 2075 2550 2133 enim

185 2158 412 2220 hahent
456 2158 604 2219 haec
650 2157 769 2219 duo
807 2176 1028 2238 genera
1070 2161 1249 2239 proni
1294 2168 1356 2221 et
1402 2178 1620 2240 supera
1656 2177 1895 2240 semper
1938 2167 2171 2241 petunt.
2262 2160 2376 2244 Ita,
2422 2163 2545 2222 sive

181 2294 308 2350 dies
358 2293 623 2350 Element
684 2288 1153 2362 ἀκατονόμαστον
1214 2311 1312 2366 ge-

177 2370 380 2424 nannt.
452 2366 785 2421 Aristoteles
841 2368 1017 2421 neunt
1069 2384 1128 2422 es
1173 2385 1312 2438 πεμ-

177 2433 327 2494 πτὸν
353 2436 524 2508 γένος
549 2439 662 2491 τῶν
692 2439 984 2526 στοιζείων
1008 2438 1146 2494 oder
1160 2439 1312 2506 πρῶ-

173 2505 1313 2650 ε.”.;ῗ.τ“..ῖςῶ;ηωξῑ“εεὲ.“ἓπεὲ.“

1025 2622 1039 2648 1

173 2652 369 2707 wahrt
418 2668 481 2734 er
533 2651 658 2706 sich
711 2651 859 2707 doch
912 2650 1313 2707 ausdrucklich

172 2740 369 2849 5253?
377 2721 1313 2848 ἕείοΐιῗῒέἒᾷὶέΐίθῗηὲἓὲἑ

172 2865 570 2948 Philosophen
619 2867 786 2920 univer
837 2860 1045 2934 αἰθήρ,
1101 2881 1163 2920 er
1216 2866 1311 2920 be-

257 2939 368 3007 iigt
394 2936 517 2991 sich
544 2935 646 2990 das
666 2935 875 2990 Wesen
907 2935 1007 2991 des
1024 2936 1314 2992 Elementa

315 3007 526 3078 alegen
578 3008 694 3062 und
747 3005 1023 3062 iiberlflsst
1076 3007 1169 3062 die
1208 3008 1313 3063 Be-

170 3095 449 3148 nennung
485 3078 596 3132 den
631 3077 918 3133 Dichtern.

247 3167 320 3205 ne
359 3178 427 3190 -—
455 3150 659 3204 iaceat.-
700 3149 844 3204 ‘dies
881 3165 1016 3220 sage
1053 3149 1172 3218 ich,
1210 3149 1308 3205 da-

170 3219 286 3276 mit
320 3219 487 3275 nicht
521 3222 670 3275 etwa
705 3220 806 3275 der
842 3218 1003 3276 Geist
1038 3239 1091 3276 u.
1131 3238 1172 3276 s.
1211 3221 1304 3275 w.'

170 3293 280 3347 das
335 3289 511 3346 haifst
564 3291 709 3346 also:
773 3291 924 3346 deun
985 3308 1151 3347 wenn
1203 3292 1310 3346 wir

167 3362 341 3419 nicht
390 3378 453 3417 so
507 3362 774 3432 urteilem
844 3379 908 3418 so
962 3362 1154 3419 wiirde
1209 3363 1310 3419 der

170 3433 347 3489 Geist
370 3450 424 3488 u.
447 3451 489 3488 s.
509 3451 579 3488 w.
654 3432 728 3488 So
766 3433 924 3488 dient
947 3449 1018 3488 nc
1049 3434 1308 3505 zugleich

168 3523 276 3560 um
305 3503 401 3559 die
418 3504 660 3559 Ansicht
686 3503 783 3560 des
802 3502 1052 3574 Gegners
1075 3505 1308 3561 zun’ick·

171 3575 481 3631 zuweisen.
556 3575 626 3630 de
661 3574 756 3631 fin.
792 3576 819 3629 I
860 3582 951 3644 13,
995 3581 1064 3630 43
1132 3576 1312 3647 Quam

169 3652 368 3703 autem
393 3648 576 3702 dicam
602 3647 932 3716 voluptatem
957 3648 1072 3703 iam
1097 3648 1312 3714 videtis,

166 3735 246 3774 ne
280 3719 510 3773 invidia
542 3718 694 3772 verbi
738 3719 1097 3786 labefactetur
1133 3719 1313 3774 oratio

166 3806 313 3844 mea.
394 3788 448 3843 S.
477 3779 710 3858 Madvig
735 3808 779 3844 z.
809 3788 879 3843 de
907 3790 1000 3844 fin.
1029 3789 1083 3844 11
1109 3795 1197 3858 24,
1224 3795 1310 3845 7⁷.

245 3860 399 3930 Καρ.
447 3859 546 3915 18.
619 3858 1025 3916 Dicaearchum
1077 3877 1122 3918 c.
1176 3859 1311 3917 Ari·

163 3937 354 3998 etex„
390 3948 435 3987 a.
471 3936 502 3995 s
541 3936 613 3986 20
638 3929 694 3988 ff.

247 4002 439 4074 Quam
487 4004 714 4071 quisquc
761 4003 913 4058 norit
956 4005 1063 4058 cet.
1137 4001 1308 4057 Arist.

164 4074 353 4144 Vesp.
394 4078 531 4129 1431
582 4071 739 4141 ἔρδοι
783 4094 893 4143 τις,
947 4067 1018 4144 ἣν
1076 4070 1312 4136 ἕκαστος

164 4142 365 4212 εἰδείη
420 4143 643 4213 τέχνην.
717 4144 853 4201 Hor.
891 4144 992 4214 Ep.
1038 4143 1066 4197 Ι
1107 4151 1200 4213 14,
1238 4151 1310 4201 44

164 4215 366 4287 Quam
409 4217 511 4270 scit
562 4220 686 4270 uter
720 4233 789 4271 ue
832 4216 1032 4282 libens,
1093 4217 1310 4271 censebo

160 4292 428 4343 κυεῖσθαι
453 4291 642 4342 artem,
745 4287 1072 4356 aroemiogr.
1102 4304 1157 4357 g.
1176 4287 1310 4342 VIII

161 4363 240 4413 39
281 4357 376 4415 ed.
405 4355 752 4414 Schneidew.
781 4358 899 4414 und
932 4357 1179 4414 Leutsch
1205 4356 1309 4413 τὸν

1420 2293 1677 2422 ἷροέἳορν
1713 2290 1818 2367 χρὴ
1855 2301 2159 2367 φρουρεῖν,
2187 2291 2288 2351 τὸν
2326 2290 2551 2366 ἐρῶντα

1554 2386 1678 2432 ραν.

1492 2443 1579 2493 42.
1623 2438 1823 2494 levium
1874 2443 1927 2494 ct
1979 2440 2366 2496 rutundorum.
2444 2437 2550 2494 Die

1418 2507 1625 2563 Atome
1644 2509 1772 2564 sind
1786 2509 1934 2565 nach
1950 2508 2246 2565 Demokrit
2264 2527 2340 2565 an
2350 2509 2550 2565 Grbfse

1417 2580 1538 2634 und
1564 2579 1785 2635 Gestalt
1805 2581 2199 2651 verschieden‚
2229 2581 2321 2636 die
2344 2580 2551 2637 Atome

1418 2651 1521 2705 der
1546 2649 1707 2706 Seele
1744 2651 1837 2705 die
1873 2650 2159 2707 kleinsten
2193 2653 2311 2707 und
2349 2652 2552 2721 kngel-

1418 2721 1654 2791 ffirmig,
1707 2721 1892 2777 nodare
1944 2720 2026 2777 sie
2075 2740 2171 2778 am
2209 2722 2550 2792 beweglich·
2593 2772 2605 2779 .

1421 2796 1547 2847 sten
1582 2792 1723 2849 sind.
1797 2793 1892 2848 Sie
1939 2792 2066 2848 sind
2110 2794 2397 2850 dieselben
2441 2793 2550 2849 wie

1418 2864 1512 2918 die
1548 2865 1756 2919 Atome
1792 2864 1892 2919 des
1927 2864 2135 2920 Fouers
2169 2866 2288 2920 und
2325 2864 2553 2920 werden

1419 2934 1598 2989 durch
1633 2929 1935 2991 Einatzmen
1984 2936 2085 2991 der
2123 2936 2552 2992 Fenerteilchen

1419 3023 1521 3061 aus
1557 3005 1657 3060 der
1683 3005 1820 3062 Luft
1845 3007 1926 3061 im
1952 3006 2173 3077 Korper
2199 3024 2547 3063 zusammen-

1421 3077 1706 3146 gehalten.
1783 3077 1856 3132 So
1896 3078 2110 3133 erklart
2146 3078 2269 3134 sich
2309 3079 2549 3135 concale-

1414 3150 1571 3216 facta
1606 3155 1657 3204 et
1698 3150 2014 3219 spirabilis,
2069 3166 2184 3205 was
2238 3150 2376 3205 aber
2430 3148 2547 3205 Cic.

1415 3219 1640 3275 freilich
1676 3220 1777 3274 auf
1808 3237 2069 3290 corpora,
2106 3221 2265 3276 nicht
2290 3221 2395 3276 auf
2424 3236 2550 3276 con·

1415 3292 1599 3347 cwrsio
1623 3290 1785 3346 hatte
1812 3291 2084 3346 beziehen
2114 3291 2309 3348 sollen.
2373 3290 2547 3347 Arist.

1415 3362 1487 3417 de
1524 3361 1663 3417 cael.
1700 3362 1783 3416 III
1818 3370 1869 3418 4.
1945 3362 2012 3417 de
2051 3378 2140 3417 an.
2178 3360 2205 3415 I
2240 3367 2292 3417 2.
2332 3392 2401 3402 -
2438 3361 2546 3418 Die

1414 3432 1583 3488 Form
1629 3434 1912 3489 notandus
1960 3432 2153 3487 bieten
2207 3432 2299 3488 die
2348 3434 2549 3488 beaten

1414 3505 1608 3573 Hdss.,
1668 3522 1711 3561 s.
1768 3503 2097 3559 Lachmann
2167 3523 2211 3559 z.
2274 3504 2436 3560 Lucr.
2494 3504 2549 3558 H

1420 3648 1632 3772 80³1?ng
1630 3650 1862 3801 {mezu
1873 3647 2548 3801 Ἧιὲἑωδαῲίᾙῖξῗὶοῦὲἒὲἷο

1417 3788 1556 3844 bald
1590 3807 1731 3859 πυρ,
1764 3788 1906 3843 bald
1949 3808 2179 3857 πνευμα
2240 3787 2541 3858 ἔνθερμον.

1419 3860 1490 3914 de
1528 3859 1680 3916 deor.
1717 3878 1772 3914 n.
1808 3858 1890 3914 111
1920 3865 2015 3930 14,
2044 3866 2113 3916 36
2149 3862 2369 3916 sumitis
2402 3860 2549 3917 mm

1419 3946 1550 4055 83θὶ
1567 3932 1815 4016 animam
1849 3931 2195 4068 νέίεέξρῖιωιέ.
2212 4009 2245 4058 6
2374 4008 2443 4058 2⁷

1547 4008 1785 4059 anaetw.
1904 4044 1917 4057 .
2004 4018 2065 4058 m
2090 4045 2103 4058 .
2281 4021 2335 4057 u.
2448 4044 2462 4058 .

1414 4074 1620 4199 Lulltm
1654 4075 1765 4130 duo
1799 4089 2027 4143 ymera,
2066 4074 2119 4128 d.
2148 4073 2187 4130 i.
2222 4073 2403 4129 Feuer
2427 4073 2546 4129 und

1487 4216 1599 4273 sive
1652 4216 2001 4285 dissipantur
2048 4246 2118 4257 --
2167 4216 2280 4273 aive
2323 4233 2545 4286 perma-

1414 4292 1561 4341 nent.
1635 4287 1830 4342 Damit
1874 4285 1999 4342 sind
2052 4287 2144 4341 die
2195 4286 2547 4343 abweichen·

1416 4358 1526 4413 den
1573 4358 1884 4414 Ansichten
1940 4357 2040 4414 der
2091 4356 2317 4413 Stoiker
2367 4373 2540 4428 ange-
