2902 4649
26 4607 41 4610 ι
26 4507 37 4550 -
22 4153 49 4490 uun—¹0¹*—

644 155 1246 212 TUSCULANARUM
1283 154 1896 212 DISPUTATIONUM
1931 155 1974 210 Ι.
2012 162 2242 211 31-36.
2513 155 2600 221 23

233 324 576 387 Mercedem
629 324 850 404 gloriae
905 323 1130 403 flagitat
1183 323 1257 408 ab
1311 325 1415 404 iis,
1472 341 1732 402 quorum
1783 331 1986 402 patres
2043 322 2344 384 adfecerat
2397 321 2601 403 gloria,

234 416 548 494 Idemque·
634 504 820 565 Nemo
867 521 960 563 me
1006 506 1280 564 lacrimis
1327 505 1579 564 decoret
1622 519 1737 564 nec
1774 501 2009 577 funera
2047 504 2199 576 fletu

624 592 810 668 faxit.
847 656 854 666 ,
912 592 1077 652 Cur?
1125 594 1304 653 volito
1348 595 1514 652 vivos
1552 609 1672 668 per
1717 608 1833 653 ora
1880 594 2093 651 virum.

236 699 363 761 Sed
424 698 567 778 quid
625 695 875 777 poetas?
947 698 1190 778 opifices
1252 706 1388 777 post
1447 704 1702 758 mortem
1763 696 2066 758 nobilitari
2126 696 2349 757 volunt.
2443 695 2601 768 Quid

234 791 404 850 enim
465 786 704 849 Phidias
768 790 864 848 sui
927 786 1181 848 similem
1245 788 1508 865 speciem
1570 785 1814 847 inclusit
1875 788 1939 846 in
2004 786 2216 864 clupeo
2281 785 2599 866 Minervae,

238 896 383 939 cum
425 875 755 937 inscribere
802 894 1021 936 nomen
1067 872 1319 937 liceret?
1411 874 1568 947 Quid
1615 877 1809 935 nostri
1852 870 2231 955 philosophi?
2291 892 2490 935 nonne
2536 877 2600 935 in

235 969 316 1028 iis
361 965 530 1027 libris
575 967 720 1045 ipsis
729 1014 747 1048 ,
803 983 953 1045 quos
1001 963 1274 1026 scribunt
1328 964 1403 1024 de
1462 964 1896 1025 contemnenda
1942 963 2154 1043 gloria,
2211 981 2320 1025 sua
2364 965 2605 1024 nomina
2707 992 2723 1004 ·

236 1051 624 1117 inscribunt?

421 1143 598 1215 Quod
647 1145 700 1204 si
754 1145 1020 1204 omnium
1076 1160 1404 1204 consensus
1463 1152 1711 1203 naturae
1767 1160 1879 1203 vox
1935 1150 2028 1202 est
2082 1159 2438 1223 omnesque,
2500 1143 2603 1222 qui
2622 1160 2691 1210 35

240 1233 464 1313 ubique
511 1241 679 1314 sunt,
726 1234 1110 1293 consentiunt
1158 1250 1288 1293 esse
1345 1232 1569 1311 aliquid
1617 1230 1777 1311 quod
1834 1231 1908 1292 ad
1964 1250 2066 1292 eos
2121 1232 2442 1312 pertineat,
2500 1232 2605 1310 qui

236 1325 360 1383 vita
407 1324 716 1400 cesserint,
762 1320 935 1382 nobis
984 1339 1221 1400 quoque
1269 1320 1431 1382 idem
1478 1320 1934 1381 existimandum
1972 1329 2081 1399 est,
2130 1327 2192 1380 et
2227 1321 2298 1400 si,
2346 1337 2603 1400 quorum

243 1420 352 1473 aut
396 1410 636 1489 ingenio
675 1418 778 1470 aut
815 1412 1036 1470 virtute
1075 1412 1306 1471 animus
1346 1409 1599 1492 excellit,
1647 1427 1749 1469 eos
1788 1408 2168 1490 arbitramur,
2215 1410 2354 1488 quia
2391 1417 2603 1470 natura

240 1502 467 1580 optima
521 1501 667 1579 sint,
724 1516 972 1559 cernere
1029 1507 1275 1560 naturae
1322 1502 1440 1559 vim
1499 1515 1799 1579 maxume,
1855 1500 1981 1559 veri
2038 1497 2227 1558 simile
2286 1505 2405 1578 est,
2466 1515 2605 1559 cum

239 1596 527 1669 optumus
583 1590 836 1667 quisque
895 1605 1166 1649 maxume
1221 1590 1560 1668 posteritati
1618 1590 1863 1668 serviat,
1924 1605 2055 1648 esse
2117 1586 2368 1668 aliquid,
2430 1588 2602 1647 cuius

236 1680 296 1739 is
338 1686 477 1757 post
520 1684 777 1738 mortem
823 1694 1069 1737 sensum
1115 1677 1194 1737 sit
1237 1676 1569 1738 habiturus,

424 1765 542 1826 Sed
597 1774 667 1826 ut
719 1765 864 1826 deos
929 1783 1062 1826 esse
1119 1773 1331 1827 natura
1391 1769 1732 1846 opinamur,
1797 1765 2120 1845 qualesque
2186 1766 2307 1826 sint
2372 1767 2601 1825 ratione
2622 1740 2712 1869 ἐξ

240 1857 661 1935 cognoscimus
670 1900 688 1934 ,
735 1856 822 1915 sic
865 1872 1218 1934 permanere
1266 1857 1496 1917 animos
1542 1854 1903 1916 arbitramur
1950 1872 2249 1916 consensu
2295 1856 2603 1914 nationum

236 1945 536 2023 omnium,
592 1961 708 2022 qua
768 1946 830 2004 in
886 1942 1027 2004 sede
1083 1953 1361 2006 maneant
1416 1943 1741 2023 qualesque
1797 1946 1921 2004 sint
1973 1946 2206 2004 ratione
2252 1941 2604 2003 discendum

243 2043 356 2094 est.
449 2031 633 2094 Cuius
679 2033 972 2111 ignoratio
1018 2033 1190 2094 finxit
1234 2033 1462 2094 inferos
1501 2050 1720 2112 easque
1758 2032 2125 2113 formidines»,
2173 2049 2320 2111 quas
2358 2040 2423 2093 tu
2463 2049 2602 2092 con·

240 2131 514 2183 temnere
560 2139 682 2182 non
728 2123 856 2181 sine
905 2138 1084 2181 causa
1130 2121 1426 2183 videbare.
1518 2121 1587 2183 In
1624 2131 1850 2182 terram
1886 2124 2046 2182 enim
2083 2119 2434 2182 cadentibus
2473 2138 2602 2181 cor-

238 2210 492 2290 poribus
536 2212 730 2289 iisque
776 2210 960 2270 humo
1009 2212 1210 2291 tectiS,
1272 2230 1304 2271 e
1353 2230 1472 2291 quo
1529 2210 1756 2272 dictum
1812 2219 1905 2271 est
1960 2210 2221 2290 humari,
2280 2208 2392 2270 sub
2438 2218 2603 2270 terra

237 2418 456 2501 Ennius
490 2436 559 2500 zu
590 2417 815 2501 hegen..
839 2416 976 2473 Man
997 2417 1099 2472 hat
1125 2418 1363 2501 deshalb
1471 2415 1789 2506 nqeafidvmg
1837 2419 2136 2505 φαλακροῦ
2183 2413 2393 2503 πέτρον
2432 2414 2602 2502 ἐπηρ-

238 2491 404 2545 moht
435 2491 599 2559 nbtlg
629 2495 839 2559 panxit
874 2508 943 2543 zu
979 2490 1289 2545 echi-elbon.
1473 2509 1651 2560 μενον
1702 2492 1761 2545 δι
1832 2509 2171 2560 αμφοτερων
2228 2510 2339 2544 των
2400 2509 2603 2560 χειρων

311 2562 541 2631 gloriae,
568 2559 806 2616 Genetiv
835 2560 933 2615 des
959 2560 1199 2616 Inbalts:
1233 2561 1383 2616 ‘den-
1475 2562 1575 2616 καὶ
1610 2562 1711 2616 τοῦ
1748 2556 2098 2629 Περικλέους
2147 2559 2346 2617 εἰκόνα
2382 2558 2603 2630 παγκά-

239 2632 432 2687 Rnhm
479 2632 565 2687 als
609 2630 814 2687 Lohn’.
886 2633 914 2685 I
950 2636 1046 2700 45,
1097 2637 1198 2687 109
1248 2634 1367 2688 suis

232 2709 292 2759 et
320 2704 575 2772 propriis
620 2704 776 2759 bonis
812 2704 997 2759 laudis
1042 2709 1094 2757 et
1140 2705 1365 2774 gloriae.

237 2774 323 2829 111
346 2780 429 2844 ⁷1⁶
442 2815 457 2843 ,
496 2779 564 2829 35
624 2775 902 2829 auxilium
941 2776 1231 2830 inveterati
1272 2775 1368 2829 do·

237 2846 392 2901 loris.
468 2844 548 2899 IV
587 2850 680 2914 15,
727 2852 797 2901 34
851 2863 890 2899 a
941 2846 1166 2901 virtutis
1218 2846 1368 2913 fonte

239 2918 545 2973 ducuntur.

314 2988 426 3044 Sed
451 2988 590 3057 quid
611 2986 845 3057 poetas?
874 2987 1124 3043 namlich
1151 3003 1369 3043 comme·

233 3075 410 3116 moro.
484 3058 618 3113 Man
662 3058 901 3114 beachte
948 3058 1059 3113 den
1105 3057 1370 3113 Weeheel

235 3129 303 3185 in
366 3130 478 3185 den
529 3118 1084 3199 Ubergangsformen
1145 3129 1370 3199 Loquor

236 3202 308 3258 ae
343 3232 416 3243 -
454 3201 564 3257 Sea
607 3202 743 3271 quid
783 3200 1013 3270 poetas?
1054 3232 1121 3241 -
1176 3199 1367 3270 Quia?

235 3275 423 3328 nostri
467 3273 797 3342 philosophi.
875 3272 926 3327 S.
966 3278 1063 3341 42,
1117 3277 1235 3326 102.
1290 3272 1399 3326 IV.

238 3350 329 3413 32,
371 3350 457 3399 69.
495 3343 549 3397 Π
590 3349 674 3411 17,
710 3350 799 3398 41.

313 3416 574 3483 Phidias,
603 3414 702 3469 der
728 3414 952 3470 Freund
980 3415 1077 3470 des
1096 3414 1366 3484 Perikles,

239 3487 445 3542 descen
507 3485 694 3556 grosse
757 3486 975 3541 Bauten
1038 3503 1099 3540 er
1157 3485 1367 3541 leitete.

237 3557 449 3613 Ausser
484 3557 616 3612 dem
652 3557 1041 3627 olympischen
1074 3558 1215 3612 Zeus
1252 3574 1370 3612 war

239 3630 401 3685 eines
438 3629 624 3683 seiner
658 3627 1022 3698 gefeiertsten
1048 3626 1369 3683 Bildwerke

238 3701 346 3756 das
386 3700 484 3755 der
519 3699 739 3754 Athene
774 3700 1089 3755 Parthenos
1135 3698 1238 3754 anf
1269 3700 1370 3755 der

236 3770 547 3842 Akropolis
584 3787 698 3826 von
730 3769 878 3826 Gold
913 3771 1029 3826 und
1055 3769 1367 3839 Elfenbein,

236 3843 346 3900 anf
381 3844 552 3898 deren
588 3841 782 3897 Schild
819 3858 880 3896 er
915 3842 1037 3897 sein
1071 3842 1188 3898 und
1212 3841 1369 3896 Peri-

236 3913 388 3970 kles'
424 3913 556 3968 Bild
592 3913 941 3982 engebracht
974 3913 1152 3970 hatte.
1228 3911 1365 3982 Spa·

234 3990 330 4042 ter
389 3984 579 4040 warde
634 4000 693 4039 er
749 3983 984 4039 deshalb
1043 3983 1366 4068 angeklagt.

237 4056 398 4113 Plut.
451 4054 660 4111 Perikl.
699 4061 765 4111 31
814 4050 886 4109 ‘H
934 4053 1000 4110 δὲ
1055 4057 1198 4121 ὃοξα
1254 4055 1366 4109 τῶν

240 4126 429 4198 ἔργων
476 4124 662 4192 ἐπίεζε
718 4121 926 4199 φθόνῳ
981 4124 1082 4181 τὸν
1131 4127 1368 4181 Φειδίαν

238 4200 345 4255 καὶ
393 4193 632 4270 μάλιστα
677 4193 765 4253 ὅτι
809 4194 913 4268 τὴν
966 4194 1106 4268 πρὸς
1148 4192 1367 4266 Ἀμαζὸ-

238 4291 351 4333 νας
416 4266 602 4340 μάχην
668 4265 732 4325 ἐν
795 4270 861 4340 τῇ
929 4265 1127 4324 ἀσπίδι
1189 4268 1368 4323 ποιῶν

239 4339 428 4397 αὑτοῦ
508 4361 637 4396 τινα
719 4336 950 4411 μορφὴν
1030 4336 1368 4409 ἐνετύπωσε,

1476 2636 1578 2769 {²3⁹
1617 2627 1863 2701 ἐνέθηκε
1902 2628 2227 2703 μαχομένου
2274 2627 2417 2703 πρὸς
2446 2627 2601 2701 Ἀμα-

1510 2722 1634 2759 ονα.

1548 2775 1843 2829 inscvibere
1867 2790 2065 2828 nomen
2092 2776 2299 2829 liceret.-
2335 2772 2442 2829 Die
2459 2773 2601 2827 Auf-

1479 2845 1678 2900 schrist,
1721 2845 1872 2900 ihres
1916 2844 2163 2900 Namens
2207 2845 2457 2916 pflegten
2508 2845 2600 2900 die

1479 2916 1746 2972 Kiinstler
1782 2916 1884 2972 auf
1915 2917 2024 2971 den
2050 2916 2306 2986 Sta-tuen,
2342 2918 2602 2972 nement-

1478 2987 1595 3041 lich
1643 2988 1741 3042 der
1787 2987 1947 3043 Basis
2003 2988 2410 3059 amabi-ingen:
2465 2987 2601 3043 aber

1476 3057 1711 3114 Phidias
1775 3064 1925 3129 genii
2087 3059 2210 3114 dies
2282 3059 2467 3129 nicht,
2541 3075 2602 3114 er

1477 3131 1671 3185 wollte
1708 3130 1830 3185 sein
1865 3130 1930 3183 B·
1957 3129 1996 3184 d
2032 3130 2289 3185 erhalten
2324 3130 2544 3185 wissen.

1550 3206 1635 3257 35.
1697 3200 1855 3272 Quod
1907 3202 1984 3256 si.-
2047 3199 2160 3255 Der
2218 3200 2430 3256 Beweis
2486 3218 2600 3255 von

1478 3289 1525 3330 c.
1562 3278 1631 3326 14
1664 3289 1741 3327 an
1776 3271 1919 3327 wird
1952 3272 2101 3328 noch
2138 3271 2346 3328 einmal
2382 3288 2600 3326 zusam-

1477 3343 1829 3413 mengefasst.

1546 3416 1646 3485 qui
1689 3416 1890 3484 ubique
1933 3419 2090 3481 sunt,
2151 3413 2290 3468 ‘wer
2343 3412 2459 3467 und.
2508 3429 2598 3468 wo

1478 3485 1560 3541 sie
1607 3485 1725 3542 sein
1768 3485 2014 3554 mogen'.
2089 3483 2208 3539 Vor
2243 3482 2436 3539 Livius
2485 3484 2601 3539 und

1475 3555 1675 3626 Vergil
1721 3555 1896 3610 findet
1953 3554 2073 3611 sich
2122 3557 2324 3625 ubique
2383 3573 2490 3610 nur
2541 3555 2602 3610 in

1469 3629 1659 3683 dieser
1693 3626 1883 3682 Weise
1938 3628 2085 3682 nach
2141 3626 2326 3682 einem
2374 3626 2603 3682 Relativ

1478 3700 1613 3755 oder
1648 3698 2023 3767 Interrogativ
2059 3698 2388 3768 gebraucht.

1547 3769 1689 3840 Καρ.
1730 3769 1826 3826 16.
1865 3775 1952 3826 36.
1994 3771 2229 3836 ratione,
2270 3769 2470 3824 ‘durch
2508 3769 2600 3824 die

1475 3840 2601 3911 Philosophi&.—formidines,‘Seh1-eck-

1474 3912 1702 3968 bilder’.
1760 3910 1889 3982 Vgl.
1927 3911 2010 3966 III
2048 3917 2131 3980 18,
2171 3917 2237 3966 42
2276 3913 2599 3981 sapientiae,

1476 3983 1996 4053 Weisheiteregeln.
2053 3984 2118 4038 In
2154 3982 2391 4038 andei-er
2408 3982 2601 4038 Weise

1474 4054 1549 4110 ist
1594 4055 1694 4110 der
1717 4055 1932 4109 Plural
1976 4054 2075 4110 des
2116 4054 2488 4122 {Abstractum
2522 4053 2602 4108 IV

1477 4132 1530 4195 9,
1567 4132 1635 4181 22
1674 4126 2044 4196 aeqritudines
2079 4126 2409 4195 gebraucht.

1547 4199 1802 4253 videbare
1837 4214 1880 4253 s.
1920 4202 1950 4262 6
1992 4202 2076 4251 11.

1550 4269 1895 4333 cadentibus,
1966 4268 2157 4322 cadere
2231 4293 2299 4314 =
2371 4268 2600 4334 demitti,

1476 4341 1711 4410 sepeliri.
