2902 4649
591 157 1193 217 TUSCULANARUM
1229 160 1840 218 DISPUTATIONUM
1876 164 1917 221 1.
1959 170 2026 219 68
2039 171 2187 221 -71.
2483 166 2572 230 43

210 335 306 395 vel
353 333 405 391 si
452 347 689 408 semper
736 330 1010 409 fuerunt,
1057 337 1123 390 ut
1169 329 1478 391 Aristoteli
1523 329 1745 410 placet,
1792 331 2129 393 moderator
2175 335 2327 394 tanti
2372 335 2574 412 operis

211 431 273 485 et
318 414 631 481 muneris?
723 417 822 478 Sic
879 425 1143 479 mentem
1185 418 1473 500 hominis,
1533 422 1800 498 quamvis
1858 438 1989 481 eam
2043 438 2164 482 non
2217 421 2446 502 videas,
2507 430 2575 484 ut

207 513 391 573 deum
437 526 558 568 non
604 507 793 586 vides,
840 514 1065 585 tamen,
1123 516 1192 569 ut
1235 506 1412 569 deum
1462 507 1775 587 adgnoscis
1821 528 1896 570 ex
1939 508 2225 589 operibus
2269 512 2429 591 eiuS,
2485 513 2573 571 sic

208 620 286 662 ex
332 598 620 658 memoria
662 614 870 657 rerum
916 605 978 657 et
1022 597 1364 657 inventione
1410 606 1471 658 et
1519 597 1822 660 celeritate
1869 606 2068 659 motus
2114 601 2394 679 omnique
2441 600 2571 679 pul-

207 685 552 751 chritudine
600 687 838 746 virtutis
884 686 1005 744 vim
1049 684 1306 746 divinam
1353 688 1572 747 mentis
1618 686 1981 766 adgnoscito.

389 775 456 835 In
506 794 624 855 quo
668 776 854 854 igitur
895 773 1028 836 loco
1076 769 1211 835 est?
1266 773 1460 835 Credo
1508 775 1784 854 equidem
1830 779 1892 836 in
1939 779 2131 856 capite
2178 785 2239 838 et
2285 795 2396 837 cur
2442 796 2569 839 cre·
2590 771 2677 836 29

208 868 347 929 dam
396 863 629 926 adferre
676 881 936 943 possum.
1033 862 1151 924 Sed
1198 862 1341 924 alias
1349 910 1369 944 ,
1415 863 1523 924 ubi
1568 866 1646 926 sit
1692 866 1953 946 animus3
2007 874 2173 927 certe
2221 866 2462 945 quidem
2507 869 2570 928 in

208 966 274 1019 te
329 964 438 1016 est.
530 953 694 1025 Quae
760 960 854 1013 est
916 954 972 1012 ei
1034 948 1292 1014 natura?
1363 952 1645 1034 Propria,
1707 964 1882 1034 puto,
1948 962 2008 1015 et
2072 972 2196 1017 sua.
2291 954 2409 1016 Sed
2479 955 2570 1017 fac

203 1032 471 1127 ig'neam,
525 1044 617 1103 fac
665 1041 1032 1120 spirabilem:
1088 1041 1237 1103 nihil
1282 1040 1355 1102 ad
1401 1042 1492 1123 id,
1548 1042 1622 1103 de
1680 1060 1799 1122 quo
1855 1045 2102 1123 agimus,
2192 1043 2345 1148 luufl
2394 1044 2568 1105 modo

202 1136 432 1213 videto,
489 1140 555 1193 ut
610 1130 789 1191 deum
846 1132 1037 1211 noris,
1093 1132 1207 1192 etsi
1262 1132 1393 1192 eius
1448 1133 1691 1211 ignores
1740 1140 1801 1193 et
1844 1132 2044 1194 locum
2085 1140 2150 1193 et
2196 1132 2434 1215 faciem,
2481 1136 2568 1195 sic

200 1227 472 1286 animum
518 1219 628 1281 tibi
675 1228 846 1280 tuum
892 1227 1102 1280 notum
1150 1237 1282 1281 esse
1329 1228 1629 1300 oportere,
1676 1223 1856 1282 etiam
1903 1223 1955 1283 si
1990 1222 2233 1301 ignores
2271 1231 2332 1283 et
2368 1221 2569 1284 locum

198 1323 267 1376 et
321 1312 589 1372 formam.
679 1307 748 1368 In
815 1310 993 1368 animi
1058 1317 1257 1369 autem
1322 1311 1662 1388 cognitione
1719 1308 1993 1371 dubitare
2052 1329 2171 1371 non
2228 1328 2565 1394 possumus,
2588 1318 2654 1366 71

200 1404 322 1464 nisi
375 1397 549 1479 plane
603 1400 666 1457 in
722 1397 985 1477 physicis
1038 1395 1304 1475 plumbei
1360 1415 1595 1481 sumus,
1661 1401 1809 1478 quin
1864 1399 2010 1460 nihil
2066 1402 2144 1461 sit
2198 1402 2410 1462 animis
2469 1401 2565 1462 ad·

203 1493 457 1553 mixtum
506 1485 654 1548 nihil
699 1492 1069 1565 concretum,
1114 1485 1262 1546 nihil
1299 1486 1643 1566 copulatum
1692 1487 1839 1549 nihil
1877 1495 2372 1570 coagmentatum,
2423 1490 2567 1551 nihil

199 1578 450 1659 duplex:
507 1574 666 1655 quod
721 1592 859 1637 cum
905 1577 987 1635 ita
1035 1577 1139 1655 sit,
1195 1584 1361 1636 certe
1416 1594 1530 1638 nec
1578 1578 1813 1637 secerni
1869 1595 1981 1637 nec
2027 1577 2234 1658 dividi,
2292 1597 2403 1641 nec
2450 1580 2565 1640 dis-

198 1667 370 1748 cerpi
432 1684 546 1727 nec
611 1663 863 1725 distrahi
915 1671 1140 1746 potest,
1202 1682 1280 1725 ne
1338 1666 1589 1726 interire
1645 1667 1887 1741 quidem
1946 1667 2146 1745 igitur.
2239 1666 2349 1729 Est
2403 1670 2564 1729 enim

195 1757 483 1819 interitus
531 1755 702 1834 quasi
746 1752 1048 1814 discessus
1095 1762 1156 1814 et
1201 1756 1458 1815 secretio
1516 1771 1585 1815 ac
1639 1754 1972 1834 diremptus
2031 1773 2238 1816 earum
2283 1759 2563 1838 partium,

195 1864 353 1927 quae
401 1852 538 1905 ante
585 1844 895 1903 interitum
941 1843 1246 1903 iunctione
1293 1841 1488 1922 aliqua
1535 1842 1911 1905 tenebantur.

380 1932 488 1994 His
553 1939 615 1993 et
677 1930 894 1993 talibus
958 1930 1290 1992 rationibus
1364 1932 1657 1993 adductus
1724 1931 2000 1994 Socrates
2068 1951 2180 1994 nec
2244 1942 2561 2012 patronum

194 2023 495 2106 quaesivit
539 2021 612 2082 ad
658 2019 945 2081 iudicium
992 2021 1202 2099 capitis
1249 2038 1361 2081 nec
1397 2019 1697 2082 iudicibus
1735 2021 1986 2100 supplex
2023 2022 2136 2083 fuit
2172 2022 2562 2103 adhibuitque

192 2113 447 2181 liberam
503 2112 936 2172 contumaciam
994 2126 1026 2168 a
1074 2108 1478 2188 magnitudine
1533 2111 1715 2171 animi
1760 2110 2025 2192 ductam,
2085 2129 2207 2172 non
2262 2130 2295 2171 a
2351 2129 2560 2191 super·

194 2203 319 2282 bia,
377 2211 440 2261 et
484 2217 766 2279 supremo
812 2199 966 2259 vitae
1024 2197 1118 2258 die
1175 2197 1249 2257 de
1294 2197 1408 2258 hoc
1464 2200 1596 2278 ipso
1642 2198 1828 2260 multa
1874 2199 2184 2281 disseruit,
2239 2207 2299 2260 et
2352 2202 2560 2279 paucis

268 2355 586 2411 Aristoteli:
623 2352 693 2408 de
731 2351 870 2408 cael.
908 2352 962 2407 H
1002 2358 1029 2406 1
1057 2347 1180 2408 Ὀτι
1216 2349 1323 2423 μὲν
1430 2352 1700 2420 nahmen,
1757 2354 1968 2408 setzten
2024 2353 2194 2409 meist
2257 2354 2368 2409 den
2424 2354 2557 2411 den-

190 2420 302 2485 οὖν
356 2421 486 2482 οὔτε
541 2424 779 2494 γέγονεν
830 2418 862 2480 ὁ
914 2424 1027 2486 πᾶς
1077 2418 1324 2492 οὐρανὸς
1430 2423 1653 2479 kenden
1689 2422 1814 2478 Teil
1849 2424 1985 2487 νοῦς
2020 2425 2080 2479 in
2117 2425 2228 2481 den
2262 2426 2429 2496 Kopf.

96 2493 105 2498 ’
191 2494 321 2555 οὔτ’
365 2493 660 2567 ἐνδέχεται
701 2495 1022 2583 φθαρῆναι,
1049 2491 1322 2565 καθάπερ
1501 2496 1647 2550 nihil
1682 2496 1760 2552 ad
1792 2496 1881 2563 id,
1916 2495 2167 2551 nfimlich
2193 2499 2451 2566 pertinet.

189 2568 349 2631 τινές
387 2585 567 2637 φασιν
603 2561 813 2635 αὐτὸν,
860 2561 985 2620 αλλ’
1039 2564 1192 2622 ἔστιν
1239 2562 1323 2628 εἷς
1504 2572 1588 2622 71.
1620 2567 1870 2635 plumbei
1904 2566 1957 2624 d.
1986 2566 2023 2622 i.
2061 2568 2268 2635 stolidi,
2305 2569 2413 2624 wie
2450 2571 2555 2625 wir

192 2642 293 2699 aaz
333 2635 521 2702 ἀΐδιος
556 2632 738 2707 ἀρχὴν
776 2636 882 2708 μὲν
918 2636 1017 2692 καὶ
1053 2632 1321 2706 τελευτὴν
1434 2637 1708 2693 ‘holzem’
1756 2637 1849 2691 fiir
1899 2637 2315 2708 ‘ungeschickt'
2365 2656 2554 2711 sagon.

191 2708 304 2771 οὖν,
345 2708 379 2766 ἔ
410 2731 492 2765 ων
526 2709 629 2765 τοῦ
668 2704 883 2771 παντὸς
919 2707 1144 2778 αἰῶνος,
1173 2705 1320 2777 ἔχων
1429 2707 1556 2762 Ter.
1591 2707 1794 2763 Heaut.
1836 2708 1885 2762 V
1925 2714 1974 2775 1,
2012 2715 2045 2763 3
2093 2711 2314 2779 quidvis
2356 2712 2557 2766 harum

193 2806 253 2842 τε
292 2731 408 2839 ua}
432 2780 592 2851 περιέ
633 2801 712 2835 ων
753 2776 815 2834 ἐν
846 2774 998 2851 αὑτῷ
1029 2778 1134 2834 τὸν
1162 2774 1324 2834 ἄπει·
1356 2833 1367 2844 ,
1431 2796 1616 2835 rerum
1652 2779 1926 2846 convenit,
1964 2796 2104 2849 quae
2138 2786 2271 2836 sumt
2305 2782 2457 2838 dicta
2494 2785 2558 2838 in

193 2876 296 2925 ρον
335 2850 543 2924 χρόνον
623 2873 656 2906 κ
703 2851 815 2905 τῶν
855 2849 1167 2921 εἰρημένων
1205 2848 1322 2906 ἔστι
1430 2851 1615 2976 itum),
1654 2850 1884 2918 caudex,
1918 2852 2105 2920 stipe&
2134 2854 2345 2919 asinus,
2363 2855 2550 2923 plum·

192 2929 410 3000 λαβεῖν.
960 2992 974 3005 .
1135 2992 1148 3004 ·
1414 2980 1418 2984 ,
1467 2937 1576 2976 6148.
1952 2992 1966 3005 .
2467 2995 2481 3008 0

188 2993 1010 3135 ᾱοῗυέἔὶέαθιείἓῃῂἒὲξώοῗθ
1036 2993 1152 3118 &d
1215 3062 1321 3119 Ge·
1430 2993 1646 3146 maz-‘liza
1667 2993 1893 3118 gaggam?
1927 2994 2026 3119 ‹lisg
2058 2993 2555 3137 exanasggffibedlgg

194 3140 451 3208 handen,
486 3137 595 3192 wie
634 3136 870 3206 Tempel
906 3135 1023 3190 und
1058 3135 1320 3201 Theater,
1429 3150 1570 3189 zwei
1604 3132 1787 3190 Pam-e
1839 3136 2371 3208 zusammengefal‘st
2415 3155 2553 3194 wer-

192 3209 527 3267 bestehend.
604 3208 673 3263 de
729 3207 879 3264 deor.
918 3208 1035 3263 nat.
1072 3206 1099 3259 I
1145 3212 1177 3261 9
1194 3249 1208 3275 ‚
1250 3212 1319 3260 22
1429 3205 1567 3273 dem
1613 3206 1744 3261 dem
1787 3208 2156 3277 entsprechen
2202 3207 2294 3262 die
2331 3209 2550 3280 folgen-

188 3284 342 3354 quod
404 3281 803 3349 concupisceret
864 3280 998 3333 dm
1054 3278 1323 3332 mwndum
1429 3277 1540 3332 den
1583 3276 1715 3332 fiinf
1753 3277 1943 3334 Verba.
1986 3280 2193 3334 secerni
2239 3311 2307 3319 -
2351 3297 2422 3335 m
2464 3281 2551 3335 in-

188 3355 372 3424 siym‘s
408 3357 459 3406 ct
499 3350 802 3406 luminibus
846 3355 1126 3418 tamquam
1172 3349 1321 3403 aedi·
1427 3348 1592 3403 terire
1653 3349 1850 3416 nidmu,
1877 3365 1967 3403 wo
1994 3348 2054 3403 in
2122 3350 2334 3405 leichet
2358 3350 2551 3406 Weise

188 3426 268 3481 lis
311 3439 527 3479 ornare.
600 3422 683 3478 Ib.
720 3426 783 3491 8,
824 3427 890 3475 19
936 3421 1036 3491 qui
1077 3420 1322 3475 ministri
1428 3419 1565 3475 zwei
1656 3436 1826 3501 aaron
1877 3420 1978 3474 das
2025 3419 2097 3475 Sc
2138 3419 2406 3492 lufsglied
2452 3440 2551 3478 an-

188 3496 344 3552 tanti
379 3494 624 3549 muneris
656 3494 900 3560 fucrwnt.
1428 3490 1628 3561 gefiigt
1662 3490 1820 3545 wird.

268 3568 380 3621 vim
416 3566 681 3620 divinam.
735 3564 955 3634 Wegen
991 3561 1092 3617 der
1127 3561 1319 3632 Lange
1498 3562 1719 3616 secretio
1766 3577 1833 3615 ac
1875 3561 2178 3630 diremptus
2223 3564 2448 3618 werden
2481 3573 2551 3619 zu

186 3638 299 3692 des
335 3635 802 3692 Zwischensatzes
847 3632 989 3689 wird
1037 3633 1128 3688 die
1171 3633 1320 3687 Kon-
1428 3631 1614 3687 einem
1685 3630 1927 3702 Begriffe
2005 3634 2549 3705 zusammengefal‘st,

190 3707 485 3764 struktion
511 3706 796 3776 geandert.
855 3704 967 3760 Cic.
993 3704 1155 3759 hatte
1184 3704 1320 3759 fort·
1432 3702 1820 3774 ‘gewaltsame
1872 3702 2221 3776 Trennung’‚
2276 3705 2391 3761 und
2441 3708 2550 3763 clis-

185 3779 398 3836 fabren
443 3778 621 3834 sollen
670 3778 919 3833 divinam
963 3791 1071 3831 esse
1113 3777 1319 3845 adyno-
1428 3790 1606 3829 cessus
1642 3775 1965 3844 gegeniiber
2041 3776 2247 3831 estellt.

181 3852 349 3908 scito.
1498 3862 1596 3901 ‘nec
1626 3851 1955 3914 patronum.-
2053 3846 2204 3915 ysias
2249 3848 2409 3904 hatte
2449 3848 2548 3904 So·

270 3919 413 3991 Καρ.
467 3919 565 3975 29.
638 3921 703 3974 im,
756 3920 965 3988 capite.-
1040 3916 1316 3987 Chrysipp
1425 3916 1618 3971 krates
1655 3916 1781 3971 eine
1816 3917 2386 3989 Verteidigungsrede
2422 3936 2550 3975 aus·

180 3990 320 4049 und
371 3990 461 4047 die
526 3991 744 4047 alteren
797 3990 1024 4046 Stoiker
1079 3988 1316 4055 lehrten,
1424 3986 1765 4057 gearbeitmt,
1818 3988 1909 4042 die
1948 4003 2010 4043 er
2045 3989 2238 4044 lemen
2270 3990 2387 4045 und
2423 4008 2550 4046 vor-

179 4065 305 4119 det
332 4060 444 4117 Sita
479 4061 578 4117 der
606 4060 768 4117 Seele
807 4062 890 4116 sei
920 4061 981 4115 in
1006 4060 1107 4115 der
1132 4060 1316 4126 Ernst,
1424 4061 1626 4128 tragon
1644 4059 1826 4126 sollte,
1838 4075 1899 4114 er
1915 4059 2050 4114 wios
2071 4059 2150 4115 sie
2170 4061 2306 4116 aber
2323 4062 2547 4117 zurfick.

181 4133 500 4190 besonders
555 4150 657 4188 aus
711 4130 840 4187 dem
878 4131 1103 4187 Grande
1117 4174 1133 4201 ,
1186 4129 1319 4185 weil
1499 4131 1565 4185 de
1615 4129 1714 4184 hoc
1762 4131 1911 4198 ipsc,
1965 4129 2106 4185 iiber
2151 4130 2243 4186 die
2278 4131 2546 4189 Unsterb-

179 4205 298 4261 die
341 4203 571 4259 Stimme
619 4203 849 4260 dorther
892 4204 1135 4270 kommt,
1183 4202 1319 4258 aber
1426 4199 1667 4256 lichkeit
1722 4200 1822 4255 der
1873 4200 2034 4255 Seele
2097 4201 2346 4260 numlich
2401 4205 2547 4259 nach

179 4272 1321 4418 gffiffefftffiigeggrwgleffignxssgglzffi
1430 4270 1999 4412 Plgiguffladgkgugjz.
2048 4341 2397 4414 Anspielung
2449 4343 2550 4399 auf
