2902 4649
324 151 411 217 66
1118 149 1194 205 Μ.
1234 150 1479 206 TULLII
1515 146 1902 207 CICERONIS

322 317 616 400 pluribus.
707 318 978 381 Primum
1027 318 1276 398 Argivae
1334 317 1663 380 sacerdotis
1719 317 1955 380 Cleobis
2010 327 2071 381 et
2124 319 2298 382 Biton
2355 319 2460 380 filii
2513 339 2690 400 prae·

326 407 618 470 dicantur.
691 407 843 468 Nota
879 406 1078 469 sabula
1114 415 1224 468 est.
1298 405 1449 467 Cum
1496 409 1657 468 enim
1696 407 1856 468 illam
1903 407 1975 468 ad
2024 406 2308 470 sollemne
2354 416 2418 469 et
2462 416 2689 471 statum

328 497 686 559 sacrificium
733 515 931 558 curru·
964 495 1100 558 vehi
1153 498 1249 557 ius
1295 503 1460 557 esset
1505 497 1648 557 satis
1702 496 1877 576 longe
1934 495 2008 558 ah
2064 497 2282 578 oppido
2337 497 2409 558 ad
2465 497 2691 579 fanum,

325 593 823 665 morarenturque
889 587 1182 667 iumenta,
1254 592 1384 646 tum
1447 587 1696 646 iuvenes
1767 586 1839 667 ii,
1914 603 2066 665 quos
2129 585 2306 647 modo
2370 588 2689 667 nominavi,

325 682 489 736 veste
535 676 727 755 posita
775 692 1027 755 corpora
1073 674 1204 735 oleo
1250 682 1692 756 perunxerunt,
1740 674 1813 735 ad
1858 677 2066 755 iugum
2113 684 2512 737 accesserunt.
2597 675 2688 737 Ita

325 762 606 824 sacerdos
652 762 893 825 advecta
939 765 1004 823 in
1048 763 1280 844 fanum,
1340 781 1479 823 cum
1525 780 1744 824 currus
1789 770 1950 825 esset
1996 764 2215 825 ductus
2261 783 2291 825 a
2339 763 2503 846 filiis,
2550 783 2687 845 pre—

325 860 456 914 cata
501 869 533 912 a
580 851 689 913 dea
736 852 984 933 dicitur,
1030 859 1099 913 ut
1143 851 1205 912 id
1250 851 1366 912 illis
1404 853 1654 931 praemii
1701 851 1870 914 daret
1906 870 2017 933 pro
2063 855 2311 934 pietate,
2360 854 2519 932 quod
2567 871 2690 915 mas-

323 959 572 1003 xumum
618 940 845 1003 homini
890 940 1018 1002 dari
1063 947 1269 1020 posset
1313 959 1347 1001 a
1394 940 1533 1022 deo;
1589 948 1728 1021 post
1781 940 2051 1022 epulatos
2106 960 2243 1003 cum
2298 950 2487 1004 matre
2544 943 2688 1004 adu-

220 1029 625 1093 114lescentes
672 1048 881 1091 somno
939 1048 1002 1090 se
1052 1029 1314 1110 dedisse,
1370 1047 1544 1090 mane
1599 1032 1873 1091 inventos
1928 1048 2061 1092 esse
2116 1038 2403 1093 mortuos.
2498 1031 2692 1092 Simili

324 1121 668 1199 precatione
703 1117 1086 1198 Trophonius
1133 1125 1194 1179 et
1230 1118 1559 1199 Agamedes
1604 1120 1699 1180 usi
1747 1119 2057 1201 dicuntur,
2105 1121 2209 1200 qui
2256 1138 2391 1182 cum
2429 1120 2689 1201 Apollini

324 1206 567 1288 Delphis
606 1207 893 1287 templum
931 1206 1504 1289 exaedificavissent‚
1546 1217 1898 1279 venerantes
1936 1209 2114 1270 deum
2151 1211 2494 1289 petiverunt
2529 1228 2689 1270 mer-

324 1296 535 1358 cedem
579 1314 701 1357 non
746 1314 988 1377 parvam
1035 1295 1278 1376 quidem
1323 1299 1524 1377 operis
1574 1305 1635 1358 et
1688 1297 1910 1358 laboris
1964 1301 2087 1380 sui,
2141 1297 2291 1358 nihil
2347 1300 2523 1379 certi,
2578 1298 2688 1359 sed

326 1384 485 1466 quod
534 1393 694 1447 esset
740 1394 1050 1466 optumum
1095 1386 1342 1446 homini.
1426 1385 1660 1457 Quibus
1696 1385 1903 1467 Apollo
1952 1405 2016 1448 se
2062 1386 2123 1447 id
2170 1386 2450 1449 daturum
2487 1395 2692 1448 osten·-

326 1474 414 1536 dit
450 1480 587 1553 post
624 1476 754 1535 eius
774 1473 910 1534 ‘diei
947 1473 1104 1535 diem
1142 1477 1416 1537 tertium:
1464 1477 1569 1554 qui
1605 1484 1675 1536 ut
1709 1475 1951 1557 inluxit,
1996 1476 2220 1537 mortui
2263 1484 2405 1537 sunt
2441 1479 2689 1554 reperti.

325 1561 684 1624 Iudicavisse
730 1562 910 1624 deum
952 1562 1162 1625 dicunt
1207 1572 1268 1625 et
1314 1582 1454 1625 eum
1500 1564 1740 1644 quidem
1780 1564 1987 1645 deum,
2034 1567 2132 1626 cui
2179 1564 2396 1644 reliqui
2441 1563 2501 1624 di
2548 1583 2691 1626 con-

216 1650 306 1715 48
326 1653 652 1717 cessissent
706 1660 776 1713 ut
830 1660 1071 1733 praeter
1116 1660 1352 1714 ceteros
1399 1652 1707 1714 divinaret.
1800 1652 2083 1714 Adfertur
2130 1655 2307 1715 etiam
2365 1654 2437 1715 de
2485 1652 2697 1715 Sileno*

327 1739 538 1801 fabella
594 1740 911 1822 quaedam,
968 1743 1073 1821 qui
1128 1760 1266 1802 cum
1321 1760 1354 1801 a
1409 1740 1566 1802 Mida
1622 1751 1831 1822 captus
1887 1750 2075 1822 esset,
2128 1742 2244 1804 hoc
2305 1745 2362 1803 ei
2421 1745 2695 1804 muneris

328 1847 439 1909 pro
476 1848 586 1890 sua
621 1831 905 1891 missione
935 1829 1171 1891 dedisse
1200 1829 1512 1892 scribitur:
1550 1830 1827 1892 docuisse
1864 1849 2068 1911 regem
2105 1849 2227 1893 non
2263 1833 2428 1892 nasci
2460 1830 2698 1892 homini

223 1917 501 1998 lislonge
548 1920 838 1999 optimum
887 1937 1046 2001 esse,
1091 1919 1429 2000 proximum
1488 1928 1686 1981 autem
1745 1938 1923 1998 quam
1976 1922 2238 1999 primum
2294 1922 2464 1981 mori.
2560 1920 2695 1991 Qua

329 2013 422 2068 est
466 2009 763 2069 sententia
806 2009 869 2068 in
917 2007 1287 2088 Cresphonte
1334 2026 1483 2069 usus
1529 2008 1875 2089 Euripides:

697 2115 852 2176 Nam
898 2115 1007 2176 ηόε
1054 2116 1313 2176 decebat
1355 2113 1563 2176 coe'tus
1607 2114 1986 2177 celebrantes
2033 2118 2272 2178 domum

697 2203 933 2280 luqe're,
981 2205 1090 2265 ubi
1132 2210 1289 2265 esset
1332 2202 1558 2280 dliquis
1602 2208 1668 2265 in
1714 2207 1909 2267 lucem
1954 2202 2177 2281 e'dit'uS,

692 2291 999 2355 humanae
1044 2295 1207 2354 vitae
1250 2289 1432 2355 υάνία
1478 2292 1835 2372 reputantes
1879 2297 2071 2356 mala:

697 2390 787 2458 at,
834 2380 944 2458 qui
985 2384 1226 2444 labores
1271 2383 1466 2444 morte
1503 2380 1751 2457 finisse}
1782 2402 2033 2459 araves,

694 2472 859 2533 hunc
905 2471 1072 2534 omni
1114 2474 1342 2533 amicos
1385 2470 1574 2534 latide
1619 2479 1679 2534 et
1724 2474 1960 2534 laetitia
2006 2471 2274 2548 e'xsequi.

398 2626 644 2697 Arqivae
668 2626 994 2681 sacerdotis.-
1031 2642 1073 2680 s.
1095 2624 1302 2680 Herod.
1322 2626 1348 2680 I
1368 2631 1454 2683 31.

326 2697 576 2825 &3232
598 2714 821 2753 nennen
874 2698 956 2753 eie
1012 2696 1263 2767 Cydippe
1318 2697 1458 2753 oder

332 2857 337 2862 ’
398 2856 601 2912 Biton.-
673 2857 800 2913 Von
877 2857 988 2913 den
1064 2858 1455 2928 griechischen

326 2927 712 2997 Eigennamen
748 2928 851 2983 auf
872 2949 979 2997 ων,
1008 2947 1153 2991 ωνος
1179 2929 1295 2983 und
1323 2948 1456 2992 ονος

325 2998 570 3054 braucht
592 2998 706 3055 Cic.
737 2999 976 3054 zumeist
1002 2999 1094 3054 die
1119 2998 1451 3056 lateinische

325 3069 496 3124 Form
532 3070 634 3124 auf
665 3085 725 3138 o,
773 3070 1019 3126 seltener
1059 3070 1300 3126 Formen
1344 3073 1450 3125 wie

327 3139 677 3212 Aristoyiton
723 3145 820 3209 49,
860 3146 988 3208 116,
1044 3158 1156 3197 von
1210 3141 1317 3198 den
1372 3144 1455 3196 im

326 3212 723 3268 Lateinischen
806 3213 1270 3283 eingebiirgerten
1344 3214 1453 3268 wie

330 3283 499 3340 Plato
543 3301 711 3355 sogal·
757 3285 959 3339 immet
1004 3284 1095 3338 die
1140 3285 1311 3339 Form
1357 3284 1462 3339 auf

328 3371 387 3422 o,
423 3355 691 3411 wahrend
728 3373 790 3411 er
825 3356 980 3411 diese
1017 3372 1130 3410 von
1157 3356 1266 3411 den
1291 3355 1455 3411 Wor-

327 3429 455 3481 tem
491 3426 593 3481 auf
625 3445 731 3495 ων,
770 3446 931 3489 οντος
977 3427 1187 3483 seltner
1232 3427 1317 3482 als
1364 3426 1456 3482 die

331 3496 434 3551 auf
462 3512 536 3553 (m
570 3497 687 3552 hat„

399 3589 630 3652 statum,
685 3585 778 3640 ein
822 3585 1260 3654 feststehendes,
1301 3587 1457 3658 jahr-

325 3654 586 3783 fitlzllaeasuf
605 3655 770 3711 einen
797 3657 1160 3713 bestimmten
1189 3658 1314 3729 'rag
1349 3659 1456 3713 fal-

402 3820 525 3871 114.
593 3814 959 3885 Trophonius.
1037 3816 1306 3872 Dasselbe
1371 3834 1456 3872 er-

328 3888 485 3943 zahlt
520 3887 671 3942 Plut.
708 3903 855 3944 cons.
907 3888 981 3943 ad
1016 3889 1178 3958 Apol.
1226 3906 1281 3958 p.
1333 3894 1456 3957 109,

329 3959 432 4013 der
459 3957 670 4028 jedoch
708 3958 817 4012 den
854 3957 1144 4014 siebenten
1180 3960 1321 4015 statt
1357 3960 1456 4015 des

330 4029 545 4085 dritten
579 4029 763 4098 Tages
799 4030 1048 4099 angiebt.

399 4116 544 4187 Καρ.
599 4116 698 4172 48.
770 4133 886 4174 non
946 4120 1105 4175 nasci
1166 4121 1300 4187 cet.,
1365 4120 1459 4174 ein

325 4189 523 4259 hitufig
584 4188 1107 4246 wiederkehrender
1169 4179 1489 4246 Gedanke.'

328 4259 500 4347 §oph
534 4259 670 4315 Oed.
701 4259 820 4346 (201.
846 4266 998 4348 '1225
1035 4258 1115 4349 μή
1142 4262 1324 4330 φῦναι
1351 4257 1455 4317 τὸν

324 4351 557 4388 απαντα
607 4350 742 4403 νικα
796 4336 993 4403 λογον·
1058 4352 1121 4387 το
1178 4330 1272 4403 δὲ,
1328 4328 1456 4388 ἐπεὶ

1564 2626 1957 2753 φαῖῇ,δβῆναι
1996 2630 2198 2713 κεῖθὲν
2230 2619 2376 2713 ὄζειν
2404 2643 2511 2696 περ
2538 2619 2696 2752 siva-si,

1562 2716 2052 2841 {mamm
2108 2717 2184 2760 ⁰⁰⁹
2230 2714 2481 2767 '‘²²²⁶w'
2609 2715 2651 2767 ⁸

1638 2847 1759 2896 115.
1794 2842 1861 2895 in
1888 2839 2228 2911 Oreophanta.
2284 2839 2690 2911 ‚Kreophonteffi

1562 2911 1818 2967 derselbe
1851 2911 2136 2967 Anfiihrer
2182 2913 2283 2966 der
2322 2910 2693 2977 namnidon,

1562 2982 1836 3037 welchem
1899 2982 1994 3037 bei
2047 2983 2148 3038 der
2200 2983 2533 3053 Eroberung
2587 2982 2693 3036 des

1560 3053 1913 3123 Peloponnes
1929 3054 2245 3109 Messenien
2270 3053 2460 3122 zufiel,
2495 3053 2690 3108 wurde

1561 3124 2693 3252 §Sffissesse‘ihgfflfflffifflssssffgssffi

1564 3269 1698 3323 sein
1750 3251 1952 3323 aristot
2006 3266 2161 3322 sohn
2212 3252 2265 3320 A
2302 3269 2431 3337 γεω
2450 3214 2691 3321 grschte

1563 3339 1883 3480 ῗέῒὲἲὲἓθθὲ
1891 3336 2438 3481 ΥΙῗιῖὸᾶξέεΙαυίῑοὺε
2466 3342 2693 3464 effuxit

1564 3481 1692 3535 Eur.
1730 3480 1797 3536 fr.
1836 3485 1958 3537 452.

1559 3547 1763 3622 Ἐχρῆν
1800 3550 1908 3622 γὰρ
1944 3546 2097 3622 ἡμᾶς
2123 3548 2392 3621 σύλλογον
2419 3547 2690 3620 ποιουμέ-

1565 3690 1665 3748 τόν
1703 3691 1894 3763 φύντα
1919 3642 2433 3782 θηνεῖν,νὲἴςςᾷσ’
2466 3690 2692 3763 ἔρχεται

1562 3831 1664 3891 τὸν
1701 3830 1759 3890 δ’
1801 3827 1882 3891 αὖ
1912 3833 2178 3891 θανόντα
2204 3783 2554 3890 κκῖῖαζεόνων
2589 3854 2683 3890 πε-

2203 3906 2502 3976 παυμένον
2688 3949 2695 3957 .

1563 3979 1890 4048 χαίροντας,
1928 3974 2336 4065 εὖφημοῦντῇας
2373 3973 2694 4048 ἐκπέμπειν

1634 4125 1813 4175 coetus
1862 4122 2186 4177 celebrantes
2194 4051 2506 4188 foggmmv.
2507 4120 2693 4175 miun-

1562 4207 1674 4261 gen
1727 4193 2021 4248 anatellen.
2095 4190 2265 4263 Verg.
2320 4193 2462 4247 Aen.
2519 4192 2549 4245 1
2586 4197 2693 4247 '135

1560 4268 1777 4399 ῗῗιυυοε,
1805 4279 1874 4390 ,0,
1912 4269 2147 4331 coetum,
2196 4264 2385 4334 Tyrii,
2430 4264 2697 4319 celebrate
