2902 4649
555 125 1157 182 TUSCULANARUM
1196 125 1806 184 DISPUTATIONUM
1844 128 1909 183 V.
1949 133 2181 183 20—24.

2422 128 2549 193 109

218 295 471 375 corporis
517 304 620 355 aut
666 294 941 355 fortunae
989 293 1154 355 mala.
1246 293 1611 355 Dicebantur
1656 295 1830 376 haec,
1884 312 2036 375 quae
2085 297 2327 377 scripsit
2373 296 2553 357 etiam

218 383 529 446 Antiochus
564 382 714 444 locis
750 382 1051 464 pluribuS,
1096 384 1378 444 virtutem
1423 386 1613 464 ipsam
1656 402 1769 463 per
1814 402 1879 444 se
1924 383 2159 446 beatam
2199 387 2380 446 vitam
2427 385 2550 445 effi·

218 491 343 535 cere
407 490 582 551 posse
649 490 845 552 neque
911 479 1110 533 tamen
1171 470 1600 575 beatissimam3
1674 472 1891 534 deinde
1960 490 2034 534 ex
2097 475 2319 535 maiore
2382 481 2552 555 parte

216 551 516 642 plerasque
562 578 663 624 res
709 561 1034 642 nominari,
1080 562 1259 622 etiam
1303 563 1360 621 si
1403 579 1556 641 quae
1608 579 1750 642 pars
1807 561 2069 644 abesset,
2123 570 2193 623 ut
2245 564 2433 643 vireS,
2491 571 2557 624 ut

215 650 628 730 valetudinem,
691 657 761 711 ut
805 649 1066 731 divitias,
1133 658 1203 711 ut
1251 649 1574 732 honorem,
1638 659 1706 711 ut
1761 650 2036 733 gloriam,
2101 669 2253 731 quae
2318 669 2556 733 genere,

216 758 327 800 non
370 757 620 800 numero
668 739 1108 800 cernerentur:
1143 741 1289 800 item
1337 738 1573 800 beatam
1628 741 1834 821 vitam,
1890 742 2069 801 etiam
2120 742 2176 800 si
2232 759 2306 801 ex
2360 739 2557 821 aliqua

216 837 372 908 parte
427 827 759 908 clauderet,
822 835 1022 889 tamen
1088 846 1161 888 ex
1224 828 1410 889 multo
1477 830 1699 889 maiore
1762 836 1933 908 parte
1999 828 2271 890 obtinere
2337 847 2556 890 nomen

216 935 397 981 suum.
486 917 647 978 Haec
692 935 854 977 nunc
901 916 1215 978 enucleare
1261 935 1384 977 non
1429 919 1512 979 ita
1558 935 1805 979 necesse
1853 925 1971 999 est,
2031 936 2389 997 quamquam
2432 937 2554 997 non
2576 931 2644 981 23

215 1008 680 1068 constantissime
737 999 855 1066 dici
908 1005 1055 1066 mihi
1112 1005 1408 1067 videntur.
1498 1006 1648 1067 Nam
1712 1015 1772 1068 et
1836 1009 1941 1085 qui
2002 1006 2214 1068 beatus
2276 1014 2371 1068 est
2433 1025 2555 1068 non

214 1094 480 1175 intellego
529 1095 673 1175 quid
718 1096 1017 1175 requirat,
1061 1103 1131 1156 ut
1177 1098 1254 1156 sit
1297 1094 1530 1156 beatior
1575 1128 1660 1138 —
1706 1098 1763 1157 si
1806 1103 1900 1156 est
1954 1097 2112 1158 enim
2169 1097 2328 1175 quod
2385 1096 2557 1176 desit,

214 1201 282 1244 ne
327 1182 539 1245 beatus
586 1183 828 1264 quidem
875 1193 968 1245 est
1019 1217 1126 1264 -,
1174 1190 1234 1244 et
1281 1183 1441 1263 quod
1489 1202 1559 1244 ex
1609 1187 1832 1245 maiore
1886 1192 2056 1264 parte
2116 1202 2294 1245 unam
2351 1202 2555 1265 quam-

215 1290 322 1351 que
367 1289 499 1333 rem
545 1272 829 1353 appellari
867 1274 1244 1353 spectarique
1288 1272 1522 1353 dicunt,
1569 1281 1663 1334 est
1707 1272 1812 1335 ubi
1857 1273 1917 1333 id
1965 1274 2081 1334 isto
2128 1273 2303 1335 modo
2341 1273 2555 1334 valeat:

214 1379 342 1421 cum
387 1381 530 1423 vero
576 1363 692 1422 tria
737 1379 957 1441 genera
1003 1360 1297 1422 malorum
1342 1380 1475 1422 esse
1523 1362 1750 1443 dicant,
1813 1364 1916 1442 qui
1965 1362 2222 1423 duorum
2267 1379 2555 1441 generum

210 1450 371 1510 malis
419 1449 697 1512 omnibus
734 1459 1091 1531 urgueatur,
1136 1458 1206 1511 ut
1251 1452 1449 1512 omnia
1486 1450 1735 1511 advorsa
1781 1453 1903 1512 sint
1946 1453 2009 1512 in
2058 1452 2322 1532 fortuna,
2368 1452 2555 1511 omni·

210 1536 316 1599 bus
362 1557 721 1622 oppressum
768 1557 986 1619 corpus
1034 1548 1095 1600 et
1140 1539 1481 1600 confectum
1528 1539 1864 1621 doloribuS,

1921 1539 2061 1601 huic
2107 1539 2428 1620 paulumne
2484 1539 2557 1600 ad

159 1655 166 1666 ·
209 1625 433 1689 beatam
481 1632 661 1690 vitam
707 1628 915 1689 deesse
963 1627 1259 1709 dicemuS,
1304 1646 1426 1689 non
1475 1628 1649 1689 modo
1697 1629 1770 1690 ad
1814 1625 2261 1690 beatissimam?

378 1717 508 1779 Hoc
553 1716 700 1778 illud
747 1725 862 1797 est,
910 1716 1071 1797 quod
1107 1716 1556 1797 Theophrastus
1603 1720 1901 1779 sustinere
1945 1736 2065 1778 non
2101 1719 2314 1798 potuit.
2404 1694 2617 1822 Νειιιιὲ

211 1822 341 1867 cum
387 1809 700 1868 statuisset
743 1805 992 1868 verbera
1036 1813 1331 1867 tormenta
1388 1808 1716 1887 cruciatuS,
1773 1809 2000 1887 patriae
2056 1809 2398 1867 eversiones
2454 1825 2556 1867 ex·

210 1895 330 1956 silia
385 1896 675 1957 orbitates
731 1913 1001 1974 magnam
1048 1897 1166 1955 vim
1220 1893 1441 1956 habere
1498 1895 1571 1956 ad
1632 1894 1781 1956 male
1839 1898 2176 1975 misereque
2223 1894 2557 1976 vivendum,

209 2002 321 2045 non
373 1996 471 2046 est
528 2002 709 2045 ausus
776 1983 926 2045 elate
991 1992 1051 2044 et
1116 1983 1306 2063 ample
1364 1983 1557 2065 loqui,
1623 2002 1761 2045 cum
1819 1983 2124 2045 humiliter
2181 1985 2558 2063 demisseque

209 2075 470 2135 sentiret.
566 2072 755 2144 Quam
818 2072 998 2154 bene,
1062 2090 1183 2132 non
1249 2075 1586 2154 quaeritur-3
1661 2080 2004 2133 constanter
2068 2072 2310 2151 quidem
2376 2081 2558 2134 certe.

206 2159 403 2242 Itaque
482 2161 631 2223 mihi
691 2161 927 2242 placere
990 2179 1111 2221 non
1177 2159 1330 2222 solet
1393 2163 1820 2240 consequentia
1883 2160 2353 2242 reprehendere,
2420 2179 2558 2221 cum

206 2252 388 2331 prima
464 2252 855 2312 concesseris,
955 2248 1065 2311 Hic
1140 2257 1339 2311 autem
1413 2250 1887 2331 elegantissimus
1961 2251 2228 2311 omnium
2299 2248 2558 2329 philoso-

206 2339 456 2420 phorum
526 2349 588 2402 et
651 2340 1092 2402 eruditissimus
1164 2358 1285 2401 non
1344 2358 1557 2418 magno
1623 2358 1804 2420 opere
1870 2338 2357 2422 reprehenditur,
2398 2358 2559 2400 cum

203 2431 314 2490 tria
367 2448 594 2510 genera
649 2430 792 2490 dicit
851 2428 1173 2510 bonorum3
1236 2436 1484 2490 vexatur
1547 2436 1745 2490 autem
1802 2427 1875 2488 ab
1932 2428 2236 2511 omnibus,
2298 2431 2560 2508 primum

205 2601 266 2656 in
299 2602 636 2672 auyurando
674 2631 732 2641 —
761 2602 1091 2671 prolapsum
1125 2600 1326 2657 identi-

205 2673 318 2727 dem
353 2675 809 2729 obmurmurasse.

274 2761 340 2799 ex
385 2746 597 2800 maiore
640 2749 826 2813 parte.-
877 2744 990 2813 vgl.
1038 2744 1108 2798 de
1143 2743 1236 2797 fin„
1276 2743 1328 2796 V

206 2819 290 2883 30,
335 2821 403 2871 92
460 2832 670 2884 semper
723 2815 868 2870 enim
921 2831 989 2869 ex
1042 2831 1129 2881 eo,
1182 2815 1328 2884 quod

205 2888 475 2942 maximas
514 2892 709 2956 partes
754 2886 994 2941 continet
1041 2855 1325 2940 latissime-

206 2973 304 3026 que
336 2958 631 3025 funditur,
684 2962 801 3012 tota
856 2973 941 3012 res
996 2957 1325 3026 appellatum.

207 3027 464 3085 Dicimus
492 3030 729 3099 aliquem
751 3029 932 3083 hilare
962 3030 1166 3093 vivere,
1203 3044 1328 3096 erqo

210 3100 260 3153 si
292 3102 451 3155 semel
487 3101 702 3155 tristior
735 3101 955 3167 effectus
999 3104 1104 3166 est,
1142 3099 1329 3154 hilara

208 3171 323 3226 vita
358 3173 570 3227 amissa
605 3168 723 3225 est?

140 3304 151 3312 ,
273 3259 413 3312 quae
463 3259 652 3312 qenere
699 3258 814 3297 ‘non
871 3257 1095 3296 numero
1151 3256 1329 3296 cerm-

208 3318 425 3380 rentwr,
486 3313 577 3367 die
632 3314 779 3368 nach
836 3312 934 3367 der
986 3312 1119 3380 Art,
1172 3312 1333 3366 nicht

205 3384 352 3440 nach
390 3384 494 3439 der
529 3383 849 3453 Vollzuhlig
851 3382 972 3438 keit
1015 3384 1168 3438 ihrer
1214 3382 1331 3438 ein-

203 3454 401 3510 :elnen
458 3454 669 3510 Stiicke
729 3455 1022 3509 bestimmt
1082 3453 1330 3521 mii-den,

207 3524 261 3580 d.
297 3525 335 3582 i.
375 3526 707 3596 qualitativ,
761 3527 921 3581 nicht
970 3524 1329 3595 quantitativ.

205 3544 427 3652 Ebenso
467 3598 538 3652 de
574 3598 666 3653 fin.
704 3597 783 3651 III
824 3603 915 3664 10,
955 3602 1025 3652 34
1066 3613 1132 3651 ea
1168 3597 1332 3651 aesti-

203 3669 375 3795 pitatio
420 3685 612 3738 yenere
663 3669 833 3736 valet,
886 3684 1002 3724 non
1054 3668 1330 3737 maym'tu·

243 3755 333 3794 me

278 3815 365 3865 23.
403 3816 486 3866 est
534 3812 659 3866 ubi:
693 3827 851 3898 ganz
899 3810 1006 3864 wie
1053 3808 1152 3863 das
1188 3809 1331 3879 grie-

210 3879 439 3937 chische
493 3878 645 3937 ἔστιν
691 3901 864 3947 σπου,
910 3882 1046 3936 aber
1093 3881 1334 3937 seltener

208 3949 287 4005 im
314 3953 731 4049 Lateinischen3
796 3953 895 4007 ‘Es
921 3951 1106 4007 trifft
1090 3969 1148 4006 ιιι
1176 3967 1332 4006 man-

210 4023 351 4078 chen
385 4023 591 4079 Pallen
626 4025 731 4079 zu?

278 4096 396 4149 tria
421 4112 624 4164 yenera
649 4096 946 4150 malorum.-
985 4093 1206 4150 Ciceros
1215 4092 1333 4148 Wi-

172 4163 529 4235 ·derlegung
591 4166 665 4220 ist
727 4165 1129 4236 ungeniigend‚
1185 4164 1334 4219 denn

211 4234 529 4291 Antiochus
581 4236 735 4308 legte
793 4237 936 4292 eben
996 4236 1097 4291 der
1150 4237 1334 4291 ersten

210 4303 406 4362 Klasse
477 4305 639 4373 einen
703 4307 817 4364 viel
878 4308 1129 4364 hoheren
1170 4305 1335 4362 Wert

1321 4504 1354 4545 q

1433 2599 1555 2668 bei,
1582 2599 1666 2655 als
1695 2600 1804 2655 den
1829 2598 2031 2655 beiden
2061 2600 2305 2656 anderen
2323 2599 2560 2655 Klassen

1437 2676 2112 2740 zusammengenommen.

1507 2758 1623 2797 non
1697 2743 1880 2809 moda,
1957 2741 2309 2813 geschweige
2385 2741 2557 2809 denn3

1436 2813 1553 2883 vgl.
1588 2813 1615 2865 I
1652 2817 1740 2881 38,
1779 2818 1847 2867 92
1896 2830 1964 2868 ne
1999 2814 2091 2867 sui
2123 2814 2339 2883 quidem
2374 2814 2438 2868 id
2472 2829 2557 2868 ve-

1435 2885 1571 2949 lint,
1609 2900 1725 2939 non
1759 2885 1915 2938 modo
1951 2885 2083 2952 ipse.

1509 2954 1648 3025 Kap.
1687 2956 1747 3011 9.
1822 2961 1906 3010 24.
1945 2954 2096 3022 Hoc,
2140 2954 2388 3011 namlich
2435 2953 2558 3010 dass
2650 2945 2655 2950 ’

1436 3026 1537 3081 der
1583 3025 1771 3082 Weise
1825 3027 1971 3081 auch
2016 3029 2182 3082 unter
2227 3021 2562 3082 Schmerzen

1437 3098 1729 3168 gliicklich
1767 3097 1888 3152 sein
1927 3097 2130 3154 konne.

1516 3169 1949 3238 Theophrastus,
1985 3187 2027 3225 s.
2067 3188 2112 3223 z.
2149 3170 2177 3223 I
2216 3175 2308 3237 19,
2346 3174 2434 3223 45.

1511 3241 1666 3307 bene,
1716 3239 1991 3309 ‘richtigffi
2062 3239 2147 3293 III
2192 3245 2252 3307 2,
2295 3211 2333 3293 3
2378 3241 2560 3295 incor-

1438 3317 1612 3381 rupta
1646 3328 1753 3367 vox
1789 3312 1918 3366 bene
1953 3311 2343 3366 iudicantium.

1512 3384 1629 3437 tria
1679 3399 1882 3451 ymera
1945 3382 2235 3436 bonorum:
2297 3380 2561 3437 Dieselbe

1438 3453 1790 3522 Einteilung,
1829 3452 1935 3506 wie
1972 3452 2053 3506 sie
2090 3451 2402 3507 Antiochus
2439 3454 2559 3508 auf-

1435 3524 1613 3579 nahm
1660 3523 1776 3578 und
1834 3524 2008 3578 sehon
2056 3523 2221 3579 Plato
2272 3523 2387 3579 und
2435 3524 2560 3578 Ari-

1439 3595 1671 3650 stoteles
1715 3594 1850 3664 aufg
1851 3595 2042 3650 estellt
2083 3595 2285 3651 hatten
2336 3595 2397 3650 in
2442 3594 2561 3667 gei-

1440 3667 1611 3736 stige,
1647 3613 2004 3735 karpegrliohe
2041 3666 2158 3721 und
2195 3665 2412 3722 {iussere
2450 3666 2560 3722 Gii-

1439 3740 1541 3792 ter.
1614 3736 1976 3806 Aristotelea,
2031 3737 2138 3792 mit
2192 3738 2322 3793 dem
2378 3738 2560 3793 Theo-

1439 3808 1639 3879 phrast
1662 3780 2174 3877 iibereinsti’mmte‚
2202 3809 2408 3878 lehrte,
2437 3807 2560 3863 dass

1440 3880 1542 3934 der
1578 3877 1940 3950 Gliickselige
1978 3881 2089 3935 alle
2127 3886 2159 3934 3
2193 3879 2429 3935 Klassen
2462 3880 2561 3934 be-

1441 3951 1622 4006 sitzen
1660 3956 1872 4019 misse,
1918 3950 2041 4006 dass
2077 3952 2211 4005 aber
2249 3949 2339 4005 die
2378 3948 2562 4006 ausse-

1438 4039 1541 4077 ren
1585 4021 1760 4077 Gruter
1807 4022 1968 4076 nicht
2023 4038 2095 4076 an
2139 4014 2259 4075 und
2303 4021 2394 4076 fiir
2440 4021 2561 4076 sich

1438 4092 1604 4148 Wert
1630 4094 1844 4162 haben,
1874 4093 2114 4149 sondern
2139 4111 2246 4146 nur
2274 4093 2357 4148 als
2384 4093 2560 4148 Hilfs-

1438 4164 1628 4220 mittel
1686 4163 1786 4220 der
1830 4137 1965 4233 ’Tug
1967 4165 2076 4219 end
2138 4163 2255 4218 und
2322 4163 2560 4219 deshalb

1438 4235 1530 4289 ihr
1556 4236 1743 4291 Besitz
1772 4235 1892 4289 sein
1918 4235 2263 4291 natfirliches
2288 4235 2432 4291 Mars
2467 4253 2561 4290 am

1441 4306 1738 4363 Gebrauch
1791 4306 1963 4378 habe,
2020 4309 2157 4363 iiber
2202 4307 2302 4363 das
2357 4305 2560 4362 hinaus
