2902 4649
615 122 1219 202 TUSCULANAmm
1254 143 1862 200 DISPUTATIONUM
1896 144 1991 199 111.
2031 150 2258 202 57—62.
2529 144 2615 208 35

525 313 774 375 rurstim
820 315 1097 388 creandi,
1143 313 1424 390 morsque
1471 320 1561 375 est
1597 316 1780 386 finita
1827 313 2116 388 όηιηῖϋαε,

527 421 686 479 quae
727 401 950 479 generi
990 405 1255 464 humano
1301 402 1598 479 anaorem
1642 405 2012 478 nequiquam
2057 399 2369 477 adferunt.

526 490 867 553 Reddenda
915 498 1125 553 terrae
1171 499 1260 553 est
1305 490 1496 566 terra,
1544 497 1669 552 tum
1715 496 1841 552 vita
1889 492 2161 553 omnibus

524 579 824 657 metenda,
870 588 939 641 ut
975 580 1225 657 fruyes:
1270 578 1362 642 sic
1410 582 1579 642 iubet
1621 580 1981 642 Necessitas.

251 688 521 768 Negabat
566 706 757 768 genus
802 687 916 757 hoc
964 689 1251 748 orationis
1299 690 1617 768 quicquam
1665 689 1906 748 omnino
1954 687 2025 747 ad
2073 686 2379 748 levandam
2425 689 2611 767 aegri·
2634 699 2702 747 60

255 778 526 838 tudinem
571 779 894 859 pertinere,
939 776 999 837 id
1048 778 1209 837 enim
1255 779 1453 855 ipsum
1499 773 1822 837 dolendum
1868 795 1999 837 esse
2047 776 2299 856 dicebat,
2345 776 2502 857 quod
2550 778 2613 837 in

252 876 376 929 tam
434 864 740 927 crudelem
794 868 1216 926 necessitatem
1270 866 1716 946 incidissemus;
1782 884 1916 926 nam
1972 864 2129 925 illam
2187 862 2425 945 quidem
2483 883 2611 926 ora·

254 958 482 1017 tionem
532 973 605 1015 ex
651 956 1215 1016 commemoratione
1272 954 1604 1016 alienorum
1653 954 1942 1016 malorum
1989 954 2059 1014 ad
2107 953 2425 1024 malevolos
2473 973 2611 1015 con-

256 1044 535 1108 solandos
574 1062 707 1105 esse
756 1043 1274 1105 accommodatam.
1348 1042 1497 1104 Mihi
1534 1061 1674 1104 vero
1714 1043 1887 1123 longe
1927 1044 2159 1104 videtur
2199 1061 2391 1104 secus,
2465 1043 2612 1103 Nam

256 1142 320 1195 et
354 1134 681 1195 necessitas
718 1132 999 1193 ferendae
1038 1132 1398 1193 conditionis
1445 1133 1737 1194 humanae
1786 1133 1955 1211 quasi
2002 1150 2139 1193 cum
2186 1132 2298 1192 deo
2344 1150 2612 1211 pugnare

251 1222 536 1304 prohibet
590 1221 984 1301 admonetque
1043 1240 1175 1282 esse
1230 1221 1560 1303 hominem,
1619 1240 1769 1301 quae
1827 1222 2105 1301 cogitatio
2163 1239 2374 1300 magno
2430 1239 2612 1301 opere

254 1313 488 1373 luctum
534 1309 712 1391 levat,
761 1317 820 1371 et
868 1312 1237 1371 enumeratio
1287 1310 1696 1391 exemplorum
1743 1328 1891 1392 non,
1937 1317 2005 1370 ut
2052 1312 2313 1371 animum
2360 1309 2611 1370 malevo-

253 1400 454 1462 lorum
500 1398 777 1481 oblectet,
823 1398 1110 1480 adfertur,
1158 1399 1265 1460 sed
1311 1406 1380 1461 ut
1424 1393 1563 1480 illes
1591 1402 1694 1480 qui
1741 1406 1986 1479 maeret,
2032 1398 2354 1460 ferundum
2403 1398 2515 1460 sibi
2551 1397 2611 1459 id

254 1497 516 1570 censeat,
564 1487 721 1568 quod
769 1487 963 1550 videat
1008 1488 1229 1549 multos
1274 1488 1580 1549 moderate
1629 1496 1689 1549 et
1734 1487 2052 1568 tranquille
2100 1487 2324 1549 tulisse.
2410 1485 2609 1548 Omni·
2633 1500 2698 1549 61

253 1578 369 1640 hus
426 1580 584 1638 enim
642 1576 832 1638 modis
887 1576 1172 1638 fulciendi
1228 1585 1370 1639 sunt
1425 1580 1529 1656 qui
1583 1586 1771 1638 ruunt
1823 1595 1937 1638 nec
1993 1576 2314 1637 cohaerere
2361 1584 2615 1656 possunt

251 1675 503 1748 propter
558 1666 1026 1746 magnitudinem
1092 1667 1498 1746 aegritudinis.
1587 1665 1675 1726 Ex
1743 1684 1861 1746 quo
1925 1667 2116 1745 ipsam
2180 1665 2611 1744 aegritudinem

252 1749 477 1835 λύπην
511 1754 879 1835 Chrysippus
917 1757 1088 1833 quasi
1126 1755 1485 1817 solutionem
1521 1757 1706 1816 totius
1743 1754 2002 1815 hominis
2039 1754 2389 1834 appellatam
2425 1761 2612 1833 putat.

256 1845 421 1917 Quae
469 1852 592 1905 tota
637 1847 860 1923 poterit
907 1844 1080 1905 evelli
1127 1845 1430 1926 explicata,
1476 1853 1546 1905 ut
1590 1846 1886 1924 principio
1934 1844 2084 1924 dixi,
2132 1845 2611 1922 causa·aegritu-

254 1935 439 2016 dinis3
489 1942 582 1994 est
627 1935 787 1994 enim
832 1932 992 1994 nulla
1016 1981 1020 1994 .
1040 1933 1152 1993 alia
1196 1936 1314 1994 nisi
1361 1935 1563 2013 opinio
1612 1939 1672 1993 et
1717 1932 2006 1995 iudicium
2043 1934 2243 2012 magni
2278 1934 2612 2011 praesentis

254 2032 433 2103 atque
482 2024 795 2102 urguentis
841 2020 994 2082 mali.
1086 2021 1292 2102 Itaque
1341 2030 1401 2083 et
1446 2021 1616 2083 dolor
1663 2024 1933 2101 corporis
1941 2070 1959 2104 ,
2017 2023 2189 2083 cuius
2237 2029 2328 2081 est
2374 2039 2639 2106 morsus¹

256 2115 611 2191 acerrimuS,
667 2111 970 2190 perfertur
1028 2129 1131 2189 spe
1194 2113 1500 2190 proposita
1553 2110 1695 2171 boni
1750 2119 1810 2171 et
1862 2119 1992 2171 acta
2039 2118 2199 2171 aetas
2244 2109 2494 2170 honeste
2543 2127 2610 2170 ac

255 2199 563 2281 splendide
621 2208 843 2260 tantam
904 2199 1099 2260 adfert
1158 2199 1650 2280 consolationem,
1716 2208 1784 2260 ut
1837 2218 1966 2280 eoS,
2033 2201 2136 2278 qui
2202 2201 2283 2259 ita
2339 2200 2611 2278 vixerint,

255 2297 357 2353 aut
403 2308 526 2351 non
571 2291 819 2368 attingat
865 2287 1174 2368 aegritudo
1222 2297 1325 2351 aut
1367 2287 1688 2370 perleviter
1734 2295 1958 2368 pungat
2004 2289 2184 2349 animi
2231 2286 2416 2349 dolor.
2631 2334 2716 2397 26

438 2378 554 2440 Sed
619 2378 691 2438 ad
750 2377 901 2438 hanc
963 2380 1301 2458 opinionem
1363 2380 1562 2458 magni
1620 2377 1760 2438 mali
1818 2396 1955 2438 cum
2014 2376 2114 2437 illa
2174 2378 2350 2438 etiam
2410 2379 2608 2456 opinio
2632 2412 2699 2461 62

256 2471 536 2548 accessit,
593 2477 898 2546 oportere,
963 2476 1196 2528 rectum
1252 2485 1413 2548 esse,
1481 2467 1552 2527 ad
1600 2467 1861 2527 officium
1906 2467 2210 2545 pertinere
2259 2466 2416 2526 ferre
2463 2465 2610 2527 illud

255 2576 451 2638 aegre,
489 2555 648 2636 qnod
695 2555 1006 2637 acciderit,
1052 2563 1182 2616 tum
1228 2555 1486 2635 denique
1533 2555 1793 2615 efficitur
1837 2553 1935 2614 illa
1981 2557 2177 2634 gravis
2223 2554 2611 2634 aegritudinis

258 2645 647 2727 perturbatio.
741 2644 830 2703 Ex
876 2645 986 2704 hac
1035 2647 1314 2724 opinione
1362 2654 1503 2705 sunt
1546 2643 1645 2704 illa
1691 2646 1848 2702 varia
1887 2650 1950 2704 et
1986 2642 2353 2704 detestabilia
2393 2661 2610 2722 genera

324 2837 493 2904 fimita
531 2860 599 2881 ==
636 2835 882 2902 definita,
920 2834 1234 2888 constituta.

323 2915 470 2973 mm,
538 2905 787 2961 ‘femer'.
873 2905 1015 2959 Dem
1070 2903 1378 2959 Gedanken

256 2994 687 3061 angemessener
738 2977 928 3031 wiircle
984 2982 1033 3030 et
1087 2976 1222 3031 oder
1275 2993 1377 3031 au-

254 3056 358 3106 tem
395 3049 531 3104 sein.

324 3122 444 3176 vita
479 3121 739 3175 metenda.
812 3119 948 3175 Hor.
977 3119 1081 3189 Ep.
1110 3117 1242 3186 112,
1276 3124 1376 3173 178

253 3194 404 3248 met&
464 3190 651 3246 Oreus
691 3191 935 3260 yrandia
993 3206 1115 3244 cum
1161 3191 1377 3258 parvi-3,

254 3280 370 3319 non
404 3263 701 3318 exorabilis
738 3277 893 3316 auro.

329 3341 411 3417 60.
486 3335 667 3388 oratio
744 3350 810 3387 ex
882 3333 1379 3387 commemoratione

254 3408 305 3462 d.
346 3406 382 3462 i.
440 3421 521 3460 or.
567 3421 733 3476 quae„
760 3421 827 3458 ex
881 3404 1379 3458 commemoratione

251 3476 641 3547 proficiscitur.
694 3464 943 3529 ᾸὶιῃΙίοὶι
971 3473 1106 3529 Sall.
1138 3473 1258 3529 Cat.
1290 3478 1377 3540 35,

254 3555 286 3603 2
335 3547 766 3614 εατὶεΐαοὺἱοηοτη
800 3562 869 3601 ex
902 3546 1064 3601 nulla
1105 3546 1377 3600 eonscien-

253 3622 341 3675 tia
376 3620 442 3674 de
477 3619 642 3687 eulpa
676 3617 845 3672 naml.
875 3617 1195 3686 profectam.
1265 3615 1377 3671 Cic.

250 3690 411 3745 Verr.
450 3689 530 3743 IV
567 3696 654 3758 27,
707 3694 774 3744 62
817 3689 1101 3742 vinarium
1145 3704 1213 3742 ex
1261 3705 1380 3742 wrm

252 3778 462 3833 yemma
516 3760 685 3815 niiml.
723 3760 946 3827 factum.
1025 3758 1188 3813 Auoh
1243 3759 1376 3813 Hor.

254 3835 360 3888 sat.
400 3833 453 3886 11
491 3838 552 3900 6,
603 3838 668 3886 72
724 3848 791 3886 ex
838 3848 898 3886 re
945 3831 1177 3898 fabellas
1228 3831 1380 3885 kann

252 3920 389 3959 man
424 3902 797 3973 vergleichen.

326 3976 645 4040 necessitas,
698 3974 797 4028 der
834 3973 1103 4028 Gedanke
1158 3989 1231 4026 an
1286 3972 1377 4026 die

252 4015 732 4115 Notwendigk’eit.
805 4043 935 4114 Vgl.
974 4044 1044 4098 de
1091 4059 1204 4098 sen.
1243 4050 1304 4111 2,
1342 4048 1375 4097 5

253 4119 393 4188 quid
423 4122 508 4172 est
533 4118 676 4171 enim
702 4117 862 4171 aliud
890 4115 1192 4185 quantmn
1219 4115 1378 4170 modo

255 4190 457 4245 bellare
512 4203 635 4242 cum
681 4188 819 4255 diis,
864 4188 980 4241 nisi
1023 4192 1264 4241 naturae
1296 4202 1377 4240 re-

240 4276 519 4330 puynare.

330 4333 582 4387 admnonet
626 4345 733 4385 esse
776 4331 1042 4386 hominem
1056 4350 1073 4383 .·
1124 4330 1378 4384 nement-

1486 2831 1601 2887 lich
1665 2832 1766 2887 das
1829 2832 2228 2887 unbestimmte
2293 2832 2611 2888 Pronomen

1491 2903 1667 2958 ‘man'
1715 2903 1858 2959 wird
1902 2903 2064 2958 nieht
2113 2904 2292 2958 selten
2338 2904 2424 2958 als
2472 2904 2611 2959 Sub-

1480 2975 1611 3045 jekt
1645 2975 1738 3030 bei
1773 2975 1903 3031 dem
1939 2975 2186 3030 Infinitiv
2230 2975 2608 3045 ausgelassen.

1480 2994 1543 3100 S.
1582 3066 1626 3102 z.
1665 3047 1692 3099 I
1729 3053 1816 3116 25,
1854 3053 1923 3102 60
1959 3049 2129 3114 fateri
2163 3048 2383 3102 nescire.

1560 3123 1646 3173 61.
1703 3120 2006 3184 cohaerere,
2069 3119 2209 3172 Half.
2223 3161 2238 3187 ,
2297 3118 2611 3188 Festigkeit

1486 3189 1689 3244 haben.
1756 3190 1808 3245 V
1836 3195 1920 3256 28,
1960 3195 2028 3244 30
2065 3206 2164 3244 nee
2199 3191 2347 3244 enim
2381 3190 2610 3243 virtutes

1485 3260 1605 3314 sine
1655 3262 1813 3316 beata
1860 3263 1978 3315 vita
2032 3261 2310 3315 cohaerere
2358 3264 2608 3328 possunt,

1486 3347 1585 3386 ‘nee
1631 3333 1734 3387 illa
1775 3333 1896 3386 sine
1929 3332 2242 3386 virtutibus,
2316 3328 2430 3385 Der
2466 3331 2606 3384 Aus-

1488 3402 1664 3456 druck
1711 3402 1791 3457 ist
1841 3401 2091 3472 gewahlt
2144 3401 2252 3456 mit
2297 3400 2609 3456 Raoksieht

1487 3472 1589 3527 auf
1647 3473 1737 3528 die
1800 3473 2064 3543 folgende
2128 3471 2435 3528 Definition
2508 3472 2606 3527 des

1487 3542 1848 3628 Chrysippus,

1557 3617 1719 3684 quasi
1772 3616 2106 3671 solutionem.
2189 3614 2450 3670 Dieselbe
2503 3633 2605 3669 un·-

1486 3685 1706 3757 sinnige
1743 3685 2100 3757 Etymologie
2147 3686 2404 3741 erwiihnt
2435 3685 2609 3742 sehon

1487 3756 1655 3812 Plato
1699 3758 1852 3815 Krat.
1901 3777 1954 3829 p.
1991 3763 2142 3813 4190
2186 3753 2230 3845 ἡ
2286 3754 2435 3826 λύπη
2490 3752 2604 3810 ἀπὸ

1486 3829 1588 3896 τῆς
1626 3827 1938 3893 διαλύσεως
1973 3830 2075 3884 τοῦ
2108 3826 2378 3915 σώματος
2421 3827 2606 3883 ἔοικεν

1489 3895 1921 3988 ἐπωνομάσθαι,
1954 3895 2027 3968 ἣν
2065 3897 2127 3956 ἐν
2164 3896 2344 3972 τούτῳ
2382 3900 2458 3970 τῷ
2496 3897 2606 3953 πά-

1485 3973 1588 4025 θἐι
1622 3974 1765 4058 ἴσχεοι
1802 3969 1866 4028 τὸ
1906 3973 2079 4043 σῶμα.

1552 4045 1851 4114 prmeipio
1930 4044 1982 4100 S.
2026 4049 2108 4110 10,
2146 4049 2233 4098 23.

1558 4115 1701 4186 Kap.
1740 4116 1838 4171 26.
1905 4122 1989 4171 62.
2055 4131 2122 4169 ex
2182 4115 2286 4169 hae
2350 4115 2608 4196 opinione

1485 4193 1634 4252 sunt,
1672 4203 1772 4242 aus
1811 4185 1991 4241 dieser
2026 4185 2296 4255 Meinung
2334 4184 2607 4254 entsprin-

1486 4275 1597 4386 {⁸752
1602 4228 1979 4402 {Pyffiaylffia
1997 4257 2162 4382 Ιυοιατ2
2215 4263 2283 4311 33
2335 4258 2480 4311 unde
2530 4261 2607 4310 est

2105 4415 2177 4471 3*
