2902 4649
534 156 1137 215 TUSCULANARUM
1172 154 1789 212 DISPUTATIONUM
1822 156 1891 213 V.
1930 162 2158 213 29-33.
2416 153 2548 222 113

184 327 292 388 sed
340 313 678 406 numquam'
713 325 774 386 id
822 324 1077 404 diceret,
1125 325 1177 384 si
1222 324 1350 405 ipse
1397 341 1464 383 se
1510 322 1760 385 audiret.
1854 323 2011 395 Quid
2049 331 2142 385 est
2179 324 2338 385 enim
2386 322 2548 403 quod

181 418 385 476 minus
434 415 749 476 conveniat
792 431 970 492 quam
1017 422 1086 474 ut
1129 414 1181 472 is
1190 459 1209 493 ,
1266 413 1371 492 qui
1425 411 1519 471 vel
1573 429 1874 473 summum
1929 411 2023 472 vel
2077 412 2270 473 solum
2325 412 2550 474 malum

179 503 455 565 dolorem
512 521 644 564 esse
702 502 888 584 dieat,
951 501 1113 562 idem
1176 507 1418 562 censeat
1484 495 1699 572 ‘Quam
1763 500 1878 561 hoc
1945 518 2126 561 suave
2191 495 2333 562 esti'
2399 508 2549 582 tum,

187 610 326 654 cum
383 591 588 653 dolore
644 593 975 671 crucietur,
1031 590 1335 651 dicturum
1388 607 1523 650 esse
1579 585 1955 668 sapientem?
2044 589 2176 650 Non
2232 591 2417 670 igitur
2473 607 2550 650 ex

185 680 441 760 singulis
505 678 753 742 vocibus
816 678 1157 759 philosophi
1221 678 1531 759 spectandi
1593 685 1762 758 sunt,
1800 677 1942 739 ‘sed
2007 696 2080 739 ex
2143 680 2544 759 perpetuitate

184 777 364 849 atque
413 759 780 832 constantias

366 859 437 919 Α.
481 857 746 918 Adducis
801 874 897 918 me
956 863 1024 917 ut
1077 854 1185 918 tibi
1241 854 1559 916 adsentiar.
1652 853 1771 916 Sed
1829 863 1932 916 tua
1987 873 2226 935 quoque
2281 854 2414 916 vide
2471 873 2547 916 ne
2568 832 2655 958 ἐξ

184 945 565 1008 desideretur
620 947 969 1008 constantia.
1041 941 1147 1005 'M.
1205 944 1477 1016 Quonam
1540 939 1761 1004 modo?
1849 944 1921 1005 Α.
1976 943 2128 1015 Quia
2193 944 2312 1024 legi
2376 952 2548 1006 tuum

183 1053 387 1117 nuper
434 1041 716 1115 quartum
762 1033 836 1095 de
881 1033 1148 1094 Finibus,
1239 1032 1306 1093 In
1363 1051 1433 1093 eo
1483 1032 1628 1093 mihi
1673 1032 1950 1093 videbare
2008 1039 2217 1094 contra
2263 1031 2550 1095 Catonem

188 1123 495 1185 disserens
540 1123 655 1184 hoc
704 1122 852 1184 velle
900 1122 1244 1203 ostendere,
1307 1121 1468 1201 quod
1522 1120 1670 1182 mihi
1725 1121 1966 1201 quidem
2019 1119 2334 1202 probatur,
2389 1123 2551 1186 inter

180 1211 493 1273 'Zenonem
559 1220 618 1272 et
682 1211 1111 1292 Peripateticos
1175 1209 1323 1271 nihil
1384 1216 1626 1290 praeter
1689 1209 2011 1271 verborum
2074 1212 2397 1271 novitatem
2459 1212 2550 1272 in-

189 1310 441 1363 teresse.
534 1300 707 1372 Quod
754 1301 808 1361 si
850 1301 933 1360 ita
980 1306 1100 1381 est,
1148 1297 1291 1379 quid
1338 1308 1431 1359 est
1477 1317 1689 1360 causae
1729 1301 1903 1377 quin,
1950 1300 2004 1359 si
2039 1297 2295 1359 Zenonis
2332 1300 2550 1359 rationi

187 1398 663 1451 consentaneum
710 1391 788 1450 sit
834 1390 978 1450 satis
1016 1405 1287 1467 magnam
1332 1389 1451 1447 vim
1497 1389 1560 1447 in
1598 1388 1817 1448 virtute
1858 1405 1990 1448 esse
2029 1387 2102 1448 ad
2138 1387 2311 1449 beate
2349 1389 2548 1448 viven-

179 1477 363 1560 dum,
410 1478 586 1539 liceat
629 1477 789 1538 idem
834 1476 1247 1558 Peripateticis
1292 1472 1539 1537 dicere?
1631 1474 1782 1536 Rem
1828 1477 1988 1537 enim
2034 1477 2247 1557 opinor
2289 1477 2551 1557 spectari

187 1575 502 1648 oportere,
547 1584 668 1627 non
714 1565 912 1627 verba.
1004 1565 1092 1627 M.
1139 1564 1233 1625 Tu
1278 1564 1521 1643 quidem
1575 1563 1810 1625 tabellis
1864 1563 2189 1644 obsignatis
2244 1565 2372 1643 agis
2428 1581 2548 1625 me·
2570 1577 2641 1628 33

179 1672 331 1717 cum
379 1664 441 1717 et
485 1654 850 1735 testificariS,
907 1654 1049 1734 quid
1106 1653 1359 1714 dixerim
1415 1652 1731 1731 aliquando
1787 1660 1891 1713 aut
1946 1654 2308 1732 scripserim.
2401 1652 2554 1714 Cum

182 1742 326 1804 aliis
373 1744 489 1803 isto
538 1743 741 1823 modo,
789 1744 894 1823 qui
939 1742 1170 1823 legibus
1216 1742 1494 1821 inpositis
1540 1740 1874 1822 disputant,
1928 1759 2039 1802 nos
2085 1742 2149 1802 111
2202 1740 2362 1802 diem
2408 1742 2551 1801 vivi-

187 1850 356 1913 mus;
402 1832 824 1911 quodcumque
870 1838 1111 1893 nostros
1158 1832 1388 1891 animos
1442 1828 1859 1910 probabilitate
1906 1832 2232 1911 percussit,
2286 1829 2348 1890 id
2405 1830 2550 1891 diei-

187 1939 354 2001 mus3
414 1923 616 2001 itaque
672 1920 785 1981 soli
839 1938 1047 1980 sumus
1100 1917 1291 1979 liberi.
1382 1917 1605 1979 Verum
1659 1926 1887 1998 tamen,
1943 1920 2223 1999 quoniam
2279 1918 2353 1979 de
2410 1936 2550 1979 con·

188 2011 413 2071 stantia
446 2008 625 2090 paulo
664 2016 799 2070 ante
837 2008 1120 2088 diximus,
1168 2026 1288 2068 non
1336 2025 1446 2087 ego
1493 2006 1608 2067 hoc
1654 2006 1785 2067 loco
1832 2005 1893 2066 id
1942 2007 2347 2087 quaerendum
2385 2016 2553 2087 pute,
2594 2018 2603 2026 '

187 2115 480 2160 verumne
547 2100 650 2179 sit,
715 2097 875 2176 quod
931 2095 1155 2157 Zenoni
1208 2095 1503 2177 placuerit
1565 2093 1846 2174 quodque
1912 2096 2043 2157 eius
2107 2095 2367 2156 auditori
2420 2095 2552 2155 Ari-

179 2188 382 2268 stoni,
427 2185 654 2247 bonum
700 2203 832 2247 esse
881 2184 1074 2246 solum
1120 2184 1281 2264 quod
1326 2182 1649 2245 honestum
1696 2190 1881 2263 esset,
1946 2183 2053 2244 sed
2119 2185 2173 2243 si
2235 2185 2317 2244 ita
2372 2191 2552 2265 esset,

182 2283 325 2338 tum
370 2278 538 2338 volui
578 2281 648 2337 ut
693 2281 886 2335 totum
942 2272 1056 2336 hoc
1109 2272 1283 2336 beate
1347 2273 1546 2334 vivere
1610 2272 1673 2333 in
1737 2289 1856 2333 una
1880 2273 2140 2374 §virtute
2204 2279 2554 2352 poneretur.

267 2483 320 2604 {i
353 2481 472 2563 ipse
497 2480 1115 2606 sffiudiret’oeweffirg
1142 2478 1321 2604 seilbst

186 2569 269 2608 au
348 2568 501 2608 seme
694 2567 824 2605 men
1220 2592 1233 2605 .
1282 2568 1320 2606 1.

190 2641 362 2679 wenn
398 2639 461 2677 er
497 2569 1009 2690 siohgssonseqnent
1043 2592 1249 2676 bliebe.

271 2693 455 2765 Quam
487 2694 587 2749 hoc
620 2708 816 2760 suave;
863 2710 904 2747 s.
942 2690 996 2745 II
1035 2697 1084 2761 7,
1124 2697 1190 2746 17
1227 2691 1324 2746 sed

190 2764 460 2834 Epicuro
504 2795 572 2804 —
618 2779 733 2818 non
777 2767 854 2817 est
895 2763 996 2818 hoc
1039 2763 1207 2818 satis.-
1258 2763 1324 2817 in

196 2835 540 2891 Phalaridis
602 2839 767 2890 tawro
838 2835 890 2889 si
951 2835 1083 2902 erit,
1155 2833 1324 2889 dicet.-

194 2907 386 2978 Quam
421 2922 589 2961 suave
623 2911 715 2960 est.
1260 2975 1273 2989 ·

187 2979 1031 3130 auesxdggpgttssffieffigge
1067 2980 1327 3100 nngaggi

197 3121 647 3188 Konsequenzen
680 3117 831 3172 ihtes
871 3116 1174 3187 Systemes.

272 3190 420 3260 Καρ.
458 3188 556 3246 11.
629 3194 714 3243 32.
767 3189 913 3243 inter
955 3187 1228 3243 Zenonem
1278 3191 1330 3242 et

196 3260 623 3330 Peripateticos.-
660 3260 798 3313 iiber
833 3257 926 3313 die
955 3257 1331 3328 Behauptung

191 3349 241 3388 s.
281 3350 328 3386 z.
366 3329 449 3384 IV
486 3336 538 3399 3,
578 3337 609 3385 6
646 3330 763 3384 und
799 3327 944 3384 Einl.
982 3334 1012 3396 ἓ
1050 3334 1135 3384 20.

232 3474 247 3486 ·
274 3408 364 3459 33.
401 3402 616 3458 tabellis
643 3401 988 3483 obsiqnatis&
1007 3400 1114 3455 mit
1139 3401 1326 3483 unter-

196 3471 871 3626 21352322301213‘521312223
907 3488 1024 3596 1:20
1041 3486 1329 3597 32³3?

199 3630 344 3686 sage
419 3632 485 3668 zu
551 3614 847 3669 beweisen.
948 3612 1126 3668 Daftir
1187 3612 1330 3669 wird

200 3686 367 3742 sonet
423 3685 571 3740 auch
623 3701 692 3740 ex
743 3685 1064 3756 sunqrapha
1107 3686 1327 3754 gesagt.

197 3774 260 3826 p.
309 3755 454 3812 Mur.
516 3762 608 3823 17,
647 3759 714 3809 35
767 3755 997 3825 pergitis
1048 3769 1144 3810 vos
1195 3758 1331 3809 tam-

198 3843 419 3952 quamlo
437 3843 505 3882 ex
572 3826 893 3897 synmapha
973 3839 1132 3894 aqere
1209 3841 1333 3881 cum

281 3969 490 4038 leqibus
515 3969 789 4038 inponitis,
826 3967 997 4023 ‘nach
1025 3966 1211 4023 einem
1236 3966 1331 4021 be·

201 4039 503 4094 etimmten
540 4039 803 4110 System'‚
841 4040 956 4109 vgl.
994 4038 1048 4093 H
1076 4043 1127 4106 2,
1158 4042 1190 4092 ὅ
1220 4053 1332 4093 cer-

204 4110 284 4165 tis
320 4110 648 4179 quibasdam
683 4111 1076 4179 destinatisque
1120 4113 1333 4163 senten-

205 4181 309 4235 tiis
342 4182 506 4250 quasi
540 4181 751 4237 addicti
787 4186 837 4237 et
873 4180 1188 4236 consecrati.

285 4267 385 4306 nos
429 4253 494 4307 in
537 4253 679 4307 diem
720 4253 970 4307 vivimus,
1044 4250 1148 4306 Die
1195 4249 1331 4305 Ver-

205 4320 510 4393 ‘'beidigung
553 4324 630 4378 ist
675 4322 1007 4390 scherzhaft,
1056 4322 1172 4378 und.
1208 4322 1332 4378 des-

322 4420 507 4475 Hxnm,
535 4421 628 4465 cm
647 4422 829 4466 'ru-ml.
869 4423 907 4466 2,
927 4422 1052 4464 nest.

1428 2478 1567 2533 halb
1604 2477 1729 2534 sind
1766 2495 1828 2534 so
1864 2478 2057 2534 starke
2087 2478 2419 2534 Ausdrficke
2456 2495 2555 2550 ge·

1428 2548 1631 2616 trahit,
1668 2549 1775 2605 wie
1813 2549 1998 2605 dieser
2033 2550 2147 2604 und
2183 2551 2557 2621 quodcumque

1430 2650 1499 2660 —
1526 2621 1924 2690 probabilitate
1949 2623 2237 2690 percussit.

1501 2692 1763 2760 quoniam
1798 2692 1864 2747 de
1899 2693 2213 2748 constantia
2257 2693 2363 2746 cet.
2439 2690 2557 2746 Der

1430 2759 1703 2817 Gedanke
1730 2761 1832 2817 ist:
1869 2761 1957 2817 Da,
1985 2761 2194 2817 einmal
2221 2762 2313 2816 die
2341 2762 2555 2817 Konse·

1431 2848 1613 2902 quenz
1649 2833 1905 2888 erwahnt
1937 2832 2039 2900 ist,
2079 2849 2141 2889 so
2179 2833 2298 2887 will
2333 2832 2430 2888 ich
2466 2832 2557 2887 dir
2632 2823 2639 2829 ⁴

1432 2902 2015 3030 {iigfflffisdifflanigfih
2040 2903 2160 3030 2131}
2200 2905 2557 3031 5322&ssssss

1434 3046 1632 3100 darum
1648 3086 1662 3113 ‚
1701 3046 1773 3100 ob
1811 3045 1911 3101 der
1937 3045 2252 3101 Grundsatz
2279 3046 2378 3100 der
2408 3044 2558 3101 Stoi·

1432 3115 1563 3184 ker,
1619 3115 1741 3172 dats
1797 3115 1887 3171 die
1943 3115 2179 3187 Tugend
2237 3117 2409 3172 allein
2464 3117 2560 3172 ein

1438 3186 1555 3241 Gnt
1581 3187 1687 3255 sei,
1714 3186 1923 3259 richtig
1949 3188 2042 3256 ist,
2071 3187 2311 3242 sondern
2339 3187 2536 3241 darum

1436 3257 1584 3327 dass,
1621 3274 1785 3314 wenn
1813 3258 1930 3312 dies
1959 3275 2022 3314 so
2058 3258 2161 3322 ist,
2200 3258 2291 3313 die
2320 3229 2559 3327 Tugend

1434 3329 1610 3383 allein
1665 3347 1761 3383 zur
1803 3327 2054 3398 volligen
2109 3326 2560 3399 Gliickseligkeit

1433 3402 1666 3470 geniigt.
1737 3398 1866 3454 Wie
1915 3399 2120 3453 Brutus
2179 3399 2294 3453 und
2350 3399 2559 3455 andere

1435 3469 1557 3525 sich
1620 3469 1726 3524 mit
1787 3469 1998 3525 diesem
2064 3468 2224 3525 Satze
2293 3469 2559 3525 abfinden

1435 3542 1687 3610 konnen,
1722 3540 1798 3595 ist
1833 3539 1954 3595 ihre
1992 3539 2191 3595 Sache.

1507 3612 1792 3679 Aristoni,
1830 3629 1873 3669 s,
1912 3617 1972 3681 9,
2010 3616 2077 3666 27
2108 3612 2224 3667 und
2252 3630 2297 3668 z.
2329 3610 2381 3665 11
2408 3616 2440 3679 ξ
2474 3616 2561 3667 15.

1509 3688 1626 3738 tum
1678 3683 1857 3738 volui.-
1919 3681 2072 3738 volui
2133 3681 2279 3738 fehlt
2332 3683 2394 3738 in
2449 3683 2560 3739 den

1435 3754 1630 3821 Hdss.‚
1683 3752 1746 3806 in
1792 3753 1973 3809 denen
2028 3752 2284 3809 iiberdies
2329 3760 2562 3823 poneret

1437 3825 1607 3880 steht.
1680 3823 1817 3879 Man
1864 3824 2079 3881 erklart
2123 3825 2234 3879 den
2268 3824 2560 3894 Konjunk-

1435 3894 1521 3950 tiv
1559 3911 1647 3964 so,
1695 3894 1818 3951 dara
1863 3913 1964 3951 aus
2011 3895 2379 3967 quaerendam
2419 3900 2562 3963 puto

1437 3983 1506 4020 zu
1550 3970 1829 4035 ergmen
1884 3966 1967 4022 sei
2015 3967 2256 4037 postulo,
2313 3981 2430 4020 was
2486 3982 2563 4022 an

1439 4036 1559 4091 sich
1586 4037 1747 4091 nicht
1773 4055 1845 4093 an
1888 4037 1987 4093 eht
2013 4037 2128 4092 und
2149 4036 2330 4093 wobei
2355 4035 2562 4093 immet

1438 4107 1587 4163 noch
1661 4108 1761 4163 der
1876 4107 2172 4178 onjnnktiv
2233 4106 2318 4161 Im
2360 4107 2563 4163 erfecti

1437 4177 1732 4234 unerklarlz
1755 4179 1956 4234 bliebe.
2014 4178 2234 4234 Andere
2263 4194 2323 4234 sc
2394 4178 2567 4233 eiben.

1438 4251 1505 4304 m·
1539 4251 1624 4305 ita
1659 4254 1818 4317 esset,
1854 4266 2011 4306 num
2047 4280 2115 4289 —
2146 4255 2398 4320 poneret,
2443 4265 2559 4303 wo-

1438 4319 1533 4377 bei
1572 4320 1781 4392 jedoeh
1826 4320 1924 4377 der
1946 4320 2257 4376 ·Ausdruck
2301 4319 2416 4391 und
2465 4319 2561 4374 die

2099 4413 2136 4469 8
