2902 4649
603 149 1203 205 TUSCULANARUM
1237 152 1847 208 DISPUTATIONUM
1883 154 1950 209 11.
1991 158 2222 209 50—55.
2510 152 2598 217 99

225 320 417 397 magis
467 336 646 397 quam
693 318 896 378 eadem
944 321 1006 378 in
1052 320 1379 399 voluptate,
1448 338 1567 399 qua
1613 338 1750 381 cum
1798 321 2185 402 liquescimus
2231 320 2594 400 fluimusque

223 407 504 487 mollitia,
551 410 679 487 apis
726 407 999 468 aculeum
1047 412 1176 469 sine
1225 409 1486 470 clamore
1533 409 1691 470 serre
1739 428 1860 470 non
1906 428 2246 490 possumus,
2338 410 2415 471 At
2450 428 2591 471 vero
2614 421 2682 471 53

223 497 292 558 C.
341 496 594 578 Marum,
641 498 981 558 rusticanus
1029 500 1145 579 vir,
1192 498 1296 558 sed
1344 498 1519 577 plane
1566 500 1682 579 vir,
1729 518 1865 560 cum
1914 507 2249 579 secaretur,
2297 506 2365 559 ut
2411 515 2594 579 supra

217 586 382 667 dixi,
430 588 724 665 principio
771 587 958 646 vetuit
1004 604 1069 646 se
1117 586 1388 667 adligari,
1435 605 1549 648 nec
1595 590 1913 667 quisquam
1958 595 2096 648 ante
2133 587 2387 648 Marium
2435 587 2592 649 solu·

227 686 329 736 tus
378 673 600 735 dicitur
645 692 778 735 esse
827 683 1045 736 sectus,
1137 674 1259 736 Cur
1305 694 1447 755 ergo
1505 685 1713 756 postea
1768 674 1910 738 alii‘?
2001 676 2196 737 Valuit
2250 678 2597 738 auctoritas.

225 763 487 824 Videsne
554 765 739 841 igitur
802 765 1101 842 opinionis
1167 782 1327 844 esse,
1392 783 1514 825 non
1584 774 1828 826 naturae
1895 762 2160 826 malum?
2250 764 2328 826 Et
2390 773 2591 825 tamen

225 853 420 913 fuisse
466 870 665 915 acrem
706 870 969 913 morsum
1006 852 1230 913 doloris
1267 852 1426 914 idem
1465 854 1686 915 Marius
1725 853 2012 936 ostendit3
2059 871 2200 914 crus
2240 856 2398 915 enim
2445 853 2588 915 alte-

225 960 371 1003 rum
416 958 536 1001 non
581 940 873 1021 praebuit.
965 941 1049 1002 Ita
1099 949 1159 1002 et
1198 941 1335 1003 tulit
1381 941 1651 1003 dolorem
1705 953 1774 1005 ut
1819 946 1909 1004 vir
1956 954 2016 1004 et
2071 950 2139 1003 ut
2183 943 2361 1003 homo
2408 944 2590 1003 maio·

221 1049 361 1091 rem
408 1030 566 1090 ferre
612 1032 743 1090 sine
792 1048 969 1091 causa
1026 1034 1361 1092 necessaria
1417 1032 1626 1093 noluit.
1720 1030 1938 1093 Totum
1994 1034 2179 1111 igitur
2211 1034 2295 1092 -in
2351 1050 2424 1091 eo
2484 1039 2594 1112 est,

225 1128 299 1181 ut
349 1118 458 1180 tibi
501 1122 777 1198 imperes
870 1118 1122 1180 Ostendi
1167 1128 1392 1202 autem,
1451 1120 1611 1200 quod
1658 1130 1818 1182 esset
1864 1119 2197 1200 imperandi
2241 1137 2458 1199 genuS,
2505 1127 2592 1181 at·

217 1226 354 1287 =que
401 1207 547 1270 haec
604 1209 909 1289 cogitatio,
966 1208 1109 1287 quid
1164 1212 1474 1289 patientia,
1532 1209 1675 1289 quid
1733 1209 2112 1289 fortitudine,
2168 1209 2310 1288 quid
2370 1211 2592 1288 magni-

224 1299 443 1357 tudine
488 1300 670 1357 animi
716 1297 1130 1376 dignissimum
1188 1300 1291 1379 sit,
1351 1317 1472 1359 non
1526 1299 1717 1359 solum
1765 1301 2029 1359 animum
2085 1300 2431 1378 conprimit,
2488 1297 2594 1357 sed

217 1388 434 1465 ipsum
481 1388 656 1446 etiam
705 1385 969 1446 dolorem
1015 1388 1220 1446 nescio
1267 1405 1388 1466 quo
1440 1397 1614 1466 pacto
1660 1389 1957 1448 mitiorem
2006 1387 2162 1448 facit.

413 1473 490 1534 Ut
544 1478 701 1549 enim
758 1475 823 1535 fit
877 1476 939 1535 in
996 1473 1249 1554 proelio,
1306 1483 1374 1536 ut
1427 1478 1674 1555 ignavus
1732 1476 1904 1537 miles
1961 1495 2029 1537 ac
2083 1475 2356 1556 timidus,
2415 1474 2592 1536 simul

217 1582 299 1623 ac
352 1562 566 1624 viderit
610 1564 870 1643 hostem,
918 1563 1150 1624 abiecto
1189 1572 1361 1624 scuto
1410 1565 1596 1643 fugiat
1644 1573 1932 1644 quantum
1978 1567 2168 1644 possit
2215 1564 2292 1624 ob
2340 1582 2590 1643 eamque

213 1670 474 1713 causam
519 1663 726 1730 pereat
770 1671 891 1712 non
937 1671 1264 1732 numquam
1313 1655 1490 1713 etiam
1537 1656 1771 1733 integro
1819 1672 2101 1734 corpore,
2159 1671 2297 1714 cum
2353 1656 2434 1734 ei,
2491 1656 2597 1732 qui

221 1742 499 1819 steterit,
548 1740 695 1801 nihil
741 1741 856 1802 tale
897 1744 1188 1822 evenerit,
1236 1743 1323 1801 sic
1371 1745 1476 1820 qui
1523 1742 1747 1803 doloris
1785 1745 2045 1821 speciem
2083 1742 2243 1803 ferre
2292 1759 2412 1802 non
2458 1759 2592 1821 pos·

219 1836 379 1890 sunt
424 1829 687 1891 abiciunt
732 1849 795 1891 se
844 1840 1021 1909 atque
1069 1832 1151 1891 ita
1197 1829 1419 1891 adflicti
1466 1841 1527 1891 et
1582 1833 1899 1891 exanimati
1954 1833 2178 1911 iacent3
2235 1833 2338 1910 qui
2393 1838 2594 1891 autem

225 1920 621 1998 restiterunt,
679 1918 996 1980 discedunt
1041 1920 1388 1999 saepissime
1437 1923 1797 2000 superiores
1889 1920 2046 1981 Sunt
2097 1922 2256 1979 enim
2306 1918 2594 1999 quaedam

225 2009 423 2068 animi
470 2007 886 2069 similitudines
952 2027 1089 2069 cum
1155 2027 1427 2088 corpore.
1520 2008 1597 2069 Ut
1653 2026 1832 2069 onera
1895 2010 2194 2069 contentis
2241 2007 2597 2087 corporibus

224 2096 472 2157 facilius
519 2096 821 2177 feruntur,
869 2099 1137 2157 remissis
1184 2098 1558 2178 opprimunt,
1619 2097 1932 2158 simillime»
1973 2098 2206 2157 animus
2264 2098 2594 2157 intentione

225 2203 348 2246 sua
394 2185 635 2264 depellit
679 2203 955 2264 pressum
1004 2203 1239 2246 omnem
1287 2185 1649 2267 ponderum,
1705 2188 2057 2247 remissione
2105 2194 2303 2246 autem
2358 2187 2446 2245 sic
2496 2202 2592 2245 ur·

217 2282 482 2355 gumar,
555 2281 624 2336 ut
685 2291 750 2335 se
814 2283 1099 2353 nequeat.
1137 2274 1438 2336 extollere.
1531 2274 1632 2357 Et,
1698 2277 1749 2336 si
1813 2293 2022 2337 verum
2089 2275 2459 2354 quaerimus,
2522 2275 2584 2334 in
2609 2283 2677 2335 55

217 2362 508 2424 omnibus
567 2363 777 2424 officiis
838 2364 1270 2443 persequendis
1332 2366 1513 2424 animi
1577 2373 1668 2425 est
1727 2363 2059 2425 adhibenda
2119 2365 2451 2443 contenti03
2517 2379 2587 2423 ea

219 2460 325 2512 est
381 2451 501 2512 sola
558 2451 739 2512 officii
784 2460 1086 2531 tamquam
1143 2452 1429 2515 custodia.
1525 2453 1642 2514 Sed
1697 2453 1811 2514 hoc
1867 2453 2026 2515 idem
2083 2454 2147 2513 in
2203 2451 2408 2513 dolore
2469 2469 2590 2513 ma·

301 2624 553 2691 fluimus:
612 2622 758 2681 Vell.
816 2624 842 2676 I
898 2629 930 2677 6
946 2666 959 2689 ‚
1016 2628 1049 2677 2
1113 2624 1361 2677 mollitiis

215 2697 497 2764 fluentem.
536 2692 649 2749 Cic.
672 2697 800 2764 sagi:
818 2694 1071 2764 haufiger
1087 2696 1358 2762 diffluere.

305 2771 389 2819 53.
422 2767 595 2834 plane
627 2767 743 2832 vir,
799 2766 892 2819 ein
929 2782 1135 2835 ganzer
1170 2766 1358 2819 Manu.

219 2836 303 2890 de
331 2844 448 2892 nat.
479 2836 630 2891 deor.
659 2837 710 2890 II
740 2842 826 2901 22,
848 2841 917 2890 58
933 2838 1103 2903 plane
1131 2838 1357 2903 artifex.

299 2913 365 2960 ut
389 2923 565 2976 supra
592 2908 732 2963 dixi.
783 2913 879 2975 15,
910 2913 995 2962 35.
1047 2907 1176 2976 Vgl.
1206 2907 1357 2961 Plut.

219 2979 367 3033 Mar.
408 2994 454 3033 ο.
493 2985 543 3032 6.

301 3065 473 3103 causa
570 3051 905 3114 necessaria,
1003 3048 1358 3118 zwingender

219 3118 444 3175 Grund.
518 3120 590 3174 de
624 3120 717 3175 fin.
757 3119 809 3173 V
854 3126 917 3187 4,
962 3125 995 3174 9
1050 3121 1358 3174 necessaria

227 3192 738 3247 mathematicorum
799 3193 1016 3246 ratione
1078 3192 1358 3246 conclude-

220 3267 371 3318 rent.
445 3261 584 3331 Top.
628 3267 721 3328 16,
760 3267 829 3317 60
877 3278 997 3317 cum
1038 3267 1219 3319 autem
1254 3263 1358 3316 erit

223 3334 365 3388 talis
401 3349 600 3399 causa,
644 3339 708 3387 ut
748 3335 813 3388 in
858 3350 923 3387 ea
965 3349 1080 3388 ‘nou
1120 3334 1196 3387 sit
1240 3334 1356 3400 effi·

220 3404 414 3458 ciendi
447 3406 765 3470 necessitas,
801 3405 1109 3459 necessaria
1144 3406 1357 3458 conclu-

213 3477 310 3530 sio
345 3491 462 3544 mm
495 3477 757 3544 sequitur.

167 3600 172 3601 ff
301 3547 553 3599 ani-mum
606 3547 926 3614 conprimit.-
987 3548 1209 3600 animus
1261 3545 1357 3600 be·

221 3617 488 3672 zeichnet
514 3616 639 3680 hier
669 3617 802 3670 ‘den
821 3616 1055 3685 Affekt’,
1083 3616 1191 3672 wie
1216 3617 1352 3688 hau-

221 3689 307 3757 fig
341 3686 438 3742 bei
475 3689 723 3742 animum
757 3689 997 3754 vincere,
1042 3689 1229 3742 animo
1266 3688 1354 3742 ob-

219 3760 399 3828 sequi.
476 3759 580 3813 Die
606 3757 876 3812 Komiker
911 3774 1082 3828 sagen
1120 3758 1264 3814 auch
1300 3773 1357 3813 se

221 3833 582 3899 comprimere
641 3829 734 3883 fiir
796 3845 851 3884 se
913 3831 1181 3897 cohibere,
1246 3829 1358 3884 sibi

221 3902 519 3957 moderari.
839 3952 845 3958 .

300 3973 447 4043 Καρ.
477 3971 576 4026 28.
635 3976 720 4026 64.
748 3973 956 4028 doloris
980 3973 1225 4042 speciem,
1252 3972 1363 4026 den

222 4043 491 4099 sussex-en
526 4044 811 4107 Auschein
866 4042 965 4098 des
1017 4041 1363 4112 Semnones,

224 4114 280 4168 d.
309 4115 347 4170 i.
389 4115 503 4170 den
539 4132 645 4167 nm·
682 4114 1050 4169 scheinbaren
1080 4114 1359 4182 Schmerz,

224 4187 359 4241 weil
407 4202 470 4241 er
514 4183 824 4255 cigentlich
880 4185 979 4240 auf
1023 4184 1184 4240 einer
1229 4183 1360 4238 Ein—

229 4255 500 4327 bifflnng,
528 4257 720 4325 opinio
728 4296 747 4322 ,
774 4256 994 4311 bemht.
1060 4257 1131 4310 de
1161 4254 1251 4310 off.
1279 4255 1361 4309 III

220 4334 278 4396 3,
329 4333 398 4382 12
444 4343 586 4398 quae
638 4333 820 4382 autem
868 4327 998 4382 huic
1053 4331 1360 4398 repuquent

1468 2625 1642 2691 specie
1703 2624 1946 2691 quadam
2007 2624 2299 2690 utilitatis,
2373 2623 2593 2677 schein-

1468 2693 1643 2748 baren
1680 2694 1916 2749 Nutzen.

1537 2766 1883 2831 restiterunt,
1938 2763 2080 2819 ‘sich
2126 2763 2448 2819 widersetzt
2491 2765 2595 2819 ha.-

1467 2835 1620 2890 ben’.
1672 2835 1789 2890 Das
1823 2836 2146 2890 Perfectum
2172 2834 2467 2890 bekommt,
2493 2835 2595 2889 da-

1467 2906 1570 2960 her
1617 2906 1709 2961 die
1754 2905 2323 2975 Prusensbedeutung
2371 2906 2594 2961 ‘wider-

1469 2978 1712 3045 stehen’,
1767 2977 1873 3033 wie
1937 2978 2094 3045 novi,
2157 2979 2419 3047 conspexi
2479 2977 2595 3032 und

1466 3049 1745 3103 ahnliohe.

1537 3122 1889 3188 opprimunt,
1916 3119 2164 3174 namlich
2194 3135 2444 3187 corpora,
2475 3135 2594 3173 was

1467 3207 1567 3244 aus
1634 3192 1764 3245 dem
1799 3190 2312 3260 Vorhergehenden
2376 3207 2444 3242 zu
2510 3205 2595 3243 er·

1466 3267 1682 3330 ganzen
1709 3262 1802 3316 ist.
1858 3263 2100 3317 remissis
2125 3261 2201 3315 ist
2229 3276 2335 3314 nur
2362 3260 2594 3328 gesetzl:‚

1464 3349 1561 3385 um
1615 3331 1675 3386 in
1729 3333 1860 3387 dem
1913 3331 2225 3402 pai-allelon
2283 3329 2446 3384 Satze
2503 3329 2596 3383 die

1508 3403 1687 3458 leiche
1705 3403 2116 3457 Konstruktion
2145 3400 2592 3456 beizubehalten.

1514 3479 1591 3529 its,
1638 3473 1692 3528 b.
1742 3474 1887 3528 Gall.
1935 3473 1962 3526 I
1998 3479 2068 3527 40
2106 3472 2263 3527 Haec
2309 3488 2431 3526 cum
2468 3473 2593 3526 ani·

1464 3545 1836 3600 madvertisset
1870 3549 2162 3599 convocato
2209 3543 2438 3598 consilio
2484 3559 2593 3597 om·

1464 3617 1723 3684 niumque
1766 3616 2027 3670 ordinum
2074 3616 2151 3670 ad
2175 3616 2258 3670 'id
2303 3615 2594 3669 coras-iiim

1464 3687 1730 3741 adhibitis
1792 3687 2205 3742 centurionibus
2265 3686 2597 3740 vehementer

1463 3773 1551 3813 eos
1587 3759 1879 3814 incusavit.

1526 3844 1777 3898 pressum
1812 3845 2020 3884 omnem
2052 3829 2392 3901 ponderum,
2443 3826 2596 3881 allen

1472 3898 1771 3954 lastenden
1834 3899 2049 3967 Druck,
2128 3899 2250 3954 also
2314 3897 2595 3967 Schmerz,

1471 3970 1922 4039 BekfimmerniS,
1961 3970 2176 4026 Furcht
2206 3988 2261 4024 u.
2300 3986 2343 4023 s,
2380 3986 2450 4023 w.

1540 4047 1625 4095 55.
1681 4042 1733 4096 si
1788 4059 1974 4097 verum
2027 4042 2369 4111 quaerimus,
2431 4056 2596 4095 wenn

1468 4112 1573 4167 wir
1600 4111 1699 4167 der
1719 4113 1899 4168 Sache
1917 4113 2018 4168 auf
2042 4113 2152 4167 den
2173 4111 2367 4166 Grund
2392 4111 2593 4181 gehen.

1542 4185 1820 4251 custodia,
1876 4184 1968 4238 die
2020 4181 2447 4250 Schutzwache,
2501 4181 2595 4236 die

1468 4254 1607 4313 iiber
1653 4254 1744 4310 die
1782 4254 2111 4325 sorgffiltige
2148 4253 2458 4324 Ausiibung
2493 4251 2598 4307 der

1467 4325 1674 4382 Pflicht
1707 4326 1910 4381 wacht.
2398 4341 2404 4347 ‘

2088 4412 2161 4468 7*
