2902 4649
0 63 56 72 .-—·-

401 2 639 25 ᾈ--ι--μ-’μῗ
727 17 748 26 .-

117 37 298 60 μμ
309 31 350 40 ,μ

225 1217 318 1342 25}

335 116 426 177 32

331 297 516 357 quem
575 280 674 341 ille
736 300 941 342 eversa
1002 281 1362 360 Karthagine
1428 288 1594 347 misit
1656 280 1990 346 consolandi
2051 298 2219 341 causa
2271 282 2327 344 ad
2374 296 2591 368 captivos

335 368 497 429 cives
544 387 714 431 suos:
761 372 825 429 in
872 389 943 431 eo
991 381 1083 431 est
1129 370 1449 449 disputatio
1499 376 1721 451 scripta
1768 368 2111 450 CarneadiS,
2164 388 2313 448 quam
2349 393 2398 434 se
2433 379 2496 438 ait
2530 384 2590 443 in

332 461 834 519 commentarium
878 458 1202 520 rettulisse.
1295 457 1443 519 Cum
1503 459 1584 518 ita
1638 460 1900 537 positum
1954 466 2141 538 esset,
2197 459 2354 521 videri
2395 465 2494 526 fore
2534 471 2588 530 in

333 547 707 625 aegritudine
756 549 1085 627 sapientem
1130 548 1319 626 patria
1367 554 1562 625 capta,
1619 565 1771 625 quae
1820 546 2153 607 Carneades
2209 558 2382 611 contra
2422 553 2595 618 dixerit

336 637 561 714 scripta
607 644 765 697 sunt.
857 635 1044 696 Tanta
1083 637 1265 715 igitur
1304 635 1653 696 calamitatis
1690 639 2027 715 praesentis
2064 635 2351 698 adhibetur
2388 651 2414 700 'a
2449 642 2600 722 philo·

335 723 523 803 sopho
571 725 892 804 medicina,
942 733 1160 803 quanta
1197 727 1556 785 inveteratae
1603 742 1679 785 ne
1728 724 2100 786 desideratur
2140 725 2376 808 quidem,
2416 749 2528 812 nec,
2566 736 2611 794 si

335 812 562 892 aliquot
607 816 777 875 annis
823 822 961 892 post
1005 812 1164 874 idem
1208 812 1307 873 ille
1355 812 1507 874 liber
1562 815 1809 892 captivis
1857 816 2074 876 missus
2123 822 2291 895 esset,
2330 817 2613 883 volneribus

337 902 707 984 mederetur,
758 901 862 963 sed
909 900 1306 963 cicatricibus,
1382 901 1617 963 Sensim
1666 906 1824 963 enim
1873 912 1932 964 et
1977 903 2381 983 pedetemptim
2417 926 2621 988 progre-

336 991 507 1052 diens
544 998 900 1052 extenuatur
938 989 1131 1071 dolor,
1181 1009 1299 1052 non
1347 1009 1468 1071 quo
1515 994 1643 1070 ipsa
1687 1010 1787 1053 res
1833 993 2138 1054 immutari
2175 991 2349 1054 soleat
2387 1005 2474 1056 aut
2511 1016 2626 1076 pos·

338 1083 441 1160 sit,
488 1079 592 1141 sed
629 1080 714 1159 id,
763 1078 920 1158 quod
960 1081 1108 1139 ratio
1147 1078 1463 1162 debuerat,
1510 1098 1657 1142 usus
1694 1081 1896 1163 docet,
1943 1084 2171 1143 minora
2209 1099 2334 1143 esse
2375 1102 2456 1165 ea,
2498 1104 2629 1165 quae

338 1171 458 1231 sint
503 1172 626 1230 visa
672 1170 908 1229 maiora.

517 1257 671 1328 Quid
721 1275 860 1335 ergo
907 1274 1058 1335 opus
1107 1264 1223 1337 est,
1270 1256 1429 1319 dicet
1476 1257 1716 1339 aliquiS,
1763 1261 1991 1320 ratione
2041 1266 2143 1319 aut
2188 1261 2412 1319 omnino
2455 1279 2638 1322 conso·

337 1346 555 1408 latione
601 1344 725 1427 illa,
773 1364 885 1424 qua
933 1344 1194 1406 solemus
1241 1348 1355 1427 uti,
1411 1366 1551 1409 cum
1597 1347 1791 1408 levare
1839 1346 2105 1407 dolorem
2151 1350 2517 1410 maerentium
2557 1368 2644 1411 vo-

337 1431 580 1497 lumus?
618 1468 702 1477 ——
741 1433 853 1496 hoc
893 1436 1050 1494 enim
1089 1435 1215 1495 fere
1254 1443 1393 1497 tum.
1416 1435 1706 1497 habemus
1753 1439 1814 1498 in
1861 1445 2169 1516 promptu,
2215 1435 2358 1496 nihil
2400 1447 2648 1518 oportere

337 1526 709 1604 inopinatum
756 1524 958 1584 videri.
1012 1556 1086 1567 —
1139 1525 1272 1584 aut'
1302 1527 1406 1604 qui
1459 1524 1825 1586 tolerabilius
1882 1525 2035 1586 feret
2090 1525 2510 1588 incommodum
2561 1530 2658 1607 qui

336 1615 684 1693 cognoverit
711 1630 974 1673 necesse
1023 1631 1156 1673 esse
1203 1613 1427 1675 homini
1490 1612 1605 1675 tale
1654 1612 1874 1692 aliquid
1923 1610 2237 1675 accidere?
2326 1613 2470 1675 Haec
2513 1618 2660 1677 enim

338 1704 528 1762 oratio
586 1702 658 1763 de
713 1704 840 1781 ipsa
900 1719 1128 1762 summa
1195 1701 1333 1762 mali
1397 1701 1542 1763 nihil
1598 1702 1885 1783 detrahit,
1950 1709 2181 1764 tantum
2246 1703 2414 1764 modo
2469 1704 2666 1785 adfert,

339 1790 487 1852 nihil
534 1794 829 1871 evenisse,
888 1790 1045 1869 quod
1093 1808 1213 1850 non
1259 1792 1618 1869 opinandum
1667 1792 1895 1875 fuisset.
1987 1791 2192 1870 Neque
2250 1799 2439 1852 tamen
2490 1812 2669 1871 genus

339 1879 399 1940 id
447 1881 731 1942 orationis
778 1882 839 1939 in
888 1878 1245 1939 consolando
1292 1897 1412 1941 non
1461 1879 1639 1961 valet,
1696 1880 1799 1941 sed
1846 1880 1906 1940 id
1953 1880 2110 1940 haud
2158 1881 2339 1940 sciam
2385 1899 2453 1941 an
2498 1881 2673 1960 pluri·

341 1987 520 2029 mum.
611 1967 769 2048 Ergo
816 1970 929 2029 ista
977 1970 1326 2047 necopinata
1373 1987 1494 2029 non
1541 1968 1762 2030 habent
1808 1962 2030 2030 tantam
2078 1971 2221 2050 vim,
2269 1977 2336 2030 ut
2379 1970 2674 2049 aegritudo

342 2076 414 2117 ex
460 2059 533 2118 iis
581 2061 773 2118 omnis
820 2058 1073 2137 oriatur3
1130 2057 1356 2119 feriunt
1410 2060 1571 2136 enim
1626 2059 1878 2119 fortasse
1935 2060 2174 2138 gravius
2186 2105 2204 2139 ,
2258 2076 2391 2118 narn
2445 2058 2504 2118 id
2559 2059 2678 2119 effi-

1132 121 1206 175 M.
1248 123 1503 178 TULLII
1540 128 1922 188 CICERONIS

337 2149 533 2227 ciunt,
581 2154 648 2207 ut
695 2165 789 2226 ea,
846 2164 994 2224 quae
1043 2145 1339 2228 accidant,
1394 2149 1616 2207 maiora
1665 2146 2001 2228 videantur3
2059 2146 2163 2208 sed
2224 2148 2442 2218 maiora
2488 2147 2684 2208 viden·

340 2245 465 2315 tur,
513 2237 651 2314 quia
699 2237 961 2295 recentia
1008 2243 1174 2316 sunt,
1220 2253 1338 2295 non
1387 2237 1524 2314 quia
1569 2238 1896 2315 repentina.

410 2443 866 2498 commentarium.
907 2443 1299 2510 commentarii,
1318 2437 1459 2497 ὑπο-

337 2509 655 2654 am,
680 2512 1307 2639 &serasera
1326 2529 1461 2638 ze

337 2654 473 2710 XVI
511 2661 597 2723 21,
636 2661 668 2710 8
714 2656 944 2711 multum
988 2656 1125 2710 mihi
1167 2656 1311 2710 enim
1356 2656 1462 2710 eri-

330 2729 496 2797 pitur
530 2742 726 2795 operae
774 2729 838 2781 in
880 2727 1249 2782 exscribendis
1292 2727 1462 2797 hypo-

340 2799 638 2853 mnematis.

403 2869 648 2938 positum
685 2874 842 2934 esset,
881 2887 921 2925 s.
953 2888 999 2922 z.
1029 2870 1054 2922 I
1082 2873 1134 2936 4,
1165 2875 1213 2924 7.
1241 2899 1305 2908 ——
1327 2868 1463 2924 Man

339 2940 579 2995 beachte
663 2940 771 2994 den
835 2940 1102 2994 Wechsel
1184 2938 1464 2994 zwischen

343 3009 647 3080 Konjunkt.
678 3010 1001 3078 Imperfecti
1036 3028 1089 3063 u.
1127 3010 1388 3067 Perfecti.

413 3082 724 3137 mederetwr.
787 3081 902 3135 Das
930 3080 1348 3150 Imperfectum,
1373 3098 1463 3135 wo

339 3170 473 3207 man
538 3152 637 3207 clas
692 3151 1312 3221 plusquamperfectum
1377 3168 1462 3206 er-

341 3225 558 3278 warten
595 3223 776 3278 sollte.
855 3224 908 3280 S.
948 3242 991 3276 z.
1031 3222 1058 3275 I
1098 3229 1192 3291 12,
1231 3229 1317 3277 27.

413 3294 553 3364 Καρ.
612 3293 709 3350 23.
786 3299 870 3350 55.
950 3294 1099 3364 Quid
1162 3309 1301 3363 opus
1362 3298 1468 3348 est.-

340 3364 591 3419 niimlich
627 3383 790 3420 wenn
827 3365 917 3420 die
949 3363 1071 3420 Zeit
1107 3382 1181 3420 an
1209 3364 1331 3420 sich
1360 3366 1468 3420 den

341 3436 610 3491 Kummer
646 3437 877 3492 mildert
912 3437 1027 3491 und
1064 3436 1223 3492 heilt.

414 3509 658 3574 ratione,
721 3505 1181 3578 philosophische
1237 3494 1469 3563 ‘Uberle-

339 3596 753 3706 guffibrabizius
787 3650 949 3717 feret,
988 3650 1040 3703 a.
1066 3649 1102 3704 i.
1143 3650 1469 3705 tolerantius

342 3723 493 3789 seret.
569 3721 642 3775 ad
675 3721 810 3774 fam.
848 3720 954 3781 XV
990 3726 1084 3789 20,
1123 3727 1154 3775 2
1193 3737 1302 3790 quo
1339 3723 1465 3776 tole-

342 3794 579 3848 rabilius
605 3792 849 3859 feramus
871 3793 1178 3862 ianiculum
1205 3793 1467 3848 desiderii

341 3866 444 3919 tui.
520 3862 821 3934 Adjectiva
867 3863 969 3917 auf
997 3863 1121 3930 ilia,
1174 3862 1254 3916 im
1294 3862 1464 3918 Sinne

344 3953 454 3991 von
508 3934 855 4005 Participien
912 3932 1226 3989 Praesentis
1277 3934 1466 3989 Aetivi

342 4008 680 4077 gebraucht,
727 4006 852 4060 sind
889 4005 1048 4059 nicht
1086 4005 1229 4059 eben
1265 4005 1464 4073 selben,

345 4094 406 4132 so
446 4078 514 4133 de
563 4078 614 4133 d.
664 4080 781 4134 nat.
828 4076 909 4130 ΙΙΙ
959 4082 1050 4144 12,
1099 4081 1166 4130 29
1210 4077 1467 4145 patibilis

344 4154 567 4204 natura.
644 4149 722 4205 Ib.
764 4148 816 4202 ΙΙ
868 4154 964 4218 39,
1012 4153 1080 4202 98
1126 4148 1466 4203 insatiabilis

343 4222 598 4276 varietas.
671 4219 805 4276 Hor.
834 4236 1002 4276 carm.
1033 4220 1057 4273 I
1086 4226 1135 4288 3,
1169 4225 1237 4274 22
1265 4235 1466 4275 oceano

342 4293 697 4349 dissociabili.

1639 2458 1771 2496 nam
1824 2443 1886 2513 id
1939 2443 2191 2511 efficiunt
2245 2444 2350 2498 cela.
2427 2442 2501 2496 Es
2558 2441 2695 2496 lassi,

1570 2513 1691 2567 sich
1741 2514 1955 2568 schwer
2019 2529 2215 2583 sagon,
2279 2512 2525 2568 wieweit
2582 2511 2701 2567 Cic.

1570 2583 1747 2638 selbst
1812 2585 1925 2639 und
1990 2584 2231 2640 wieweit
2285 2584 2376 2639 die
2414 2582 2703 2639 Vei-derb-

1570 2653 1659 2709 nis
1696 2655 1794 2710 der
1830 2656 1995 2710 Hdss,
2048 2656 2140 2710 die
2188 2655 2399 2711 Schuld
2443 2672 2518 2709 an
2569 2654 2707 2708 dem

1570 2725 2030 2798 Ungem‘igenden
2051 2727 2148 2781 des
2168 2725 2493 2781 Ausdrucks
2523 2728 2706 2794 trfigt.

1570 2796 1686 2851 Der
1711 2796 1819 2852 mit
1846 2813 1971 2868 erqo
2000 2797 2360 2867 eingeleitete
2389 2796 2524 2851 Satz
2553 2796 2714 2876 folgt

1569 2867 1732 2922 nicht
1749 2884 1848 2924 aus
1870 2869 1998 2924 dem
2017 2868 2534 2939 vorhergehenden.
2596 2866 2714 2920 Die

1570 2938 1767 2994 Worte
1813 2940 1906 2994 sed
1950 2941 2166 2995 maiora
2213 2969 2279 2980 --
2325 2940 2462 3009 quia
2507 2953 2715 3006 repen-

1570 3011 1695 3065 tina
1747 3009 1939 3065 fehlen
1998 3011 2059 3065 in
2113 3011 2222 3066 den
2277 3011 2472 3065 best-en
2531 3007 2716 3062 Hdss.

1569 3099 1696 3135 zum
1734 3081 1860 3137 Teil
1894 3081 2011 3136 und
2057 3082 2182 3136 sind
2219 3098 2293 3136 an
2330 3082 2456 3135 clem
2493 3078 2720 3136 Raude

1569 3168 1708 3277 §a
1736 3153 2257 3279 iugem&
2297 3151 2727 3289 ffirwffigt

1575 3294 1751 3363 habe,
1791 3294 1914 3350 dass
1952 3310 2011 3349 es
2049 3294 2291 3365 heftiger
2325 3292 2513 3361 treffe,
2573 3291 2733 3348 weil

1577 3381 1638 3420 es
1692 3382 1798 3420 uns
1854 3366 1954 3420 das
2012 3366 2274 3436 Ungliick
2337 3365 2562 3436 grossor-
2626 3380 2732 3418 er-

1577 3435 1842 3492 scheinen
1886 3437 2058 3504 lasse,
2106 3438 2208 3492 hat
2248 3435 2358 3493 Cic.
2399 3441 2429 3502 ἓ
2469 3440 2576 3504 28,
2621 3438 2734 3500 34,

1577 3512 1644 3562 52
1693 3508 2146 3579 ansgesprochen
2194 3508 2310 3562 und
2360 3504 2738 3563 wiederholl:

1577 3595 1637 3633 er
1680 3583 1710 3644 ἓ
1756 3584 1825 3634 59
1871 3581 1978 3634 mit
2021 3580 2341 3648 Beziehung
2395 3578 2496 3633 auf
2543 3576 2735 3632 diese

1577 3649 1776 3718 Stelle3
1841 3649 2076 3713 deshalb
2138 3652 2215 3705 ist
2275 3668 2407 3705 nam
2458 3651 2526 3704 id
2583 3648 2695 3715 eff.
2712 3686 2737 3712 ,

1572 3721 1754 3789 nieht,
1794 3722 1897 3776 wie
1934 3722 1995 3775 in
2021 3722 2129 3776 den
2159 3722 2322 3776 Hdss.
2364 3720 2545 3787 steht,
2584 3734 2740 3773 non

1572 3793 1634 3846 id
1661 3794 1746 3861 eff.
1777 3810 1843 3846 zu
1872 3792 2180 3848 schreiben.
2255 3792 2440 3846 Wenn
2468 3791 2564 3846 die
2593 3788 2739 3844 fol-

1572 3864 1792 3933 genden
1828 3864 2025 3919 Worte
2079 3864 2174 3918 sed
2226 3865 2443 3918 maiora
2485 3880 2537 3917 v.
2585 3861 2737 3917 cet.

1574 3935 1706 3989 echi,
1742 3933 1892 4003 sind,
1931 3952 1992 3990 so
2031 3937 2159 4005 sagi.
2186 3934 2299 3990 Cic.
2328 3930 2741 4004 ankm'ipfend

1574 4021 1646 4059 an
1684 4006 1792 4061 den
1828 4006 2067 4073 BeweiS,
2117 4005 2240 4060 dass
2293 4006 2384 4060 die
2421 4005 2548 4059 Zeit
2581 4003 2736 4057 den

1572 4077 1840 4132 Kummer
1866 4077 2127 4145 mildere,
2156 4075 2278 4132 class
2309 4075 2737 4142 diewirkung

1575 4149 1671 4203 cles
1733 4149 2153 4204 Unerwarteten
2215 4148 2375 4203 nicht
2437 4147 2496 4202 in
2560 4147 2733 4200 dem

1573 4220 1996 4275 Unerwarteten
2040 4234 2114 4274 an
2159 4219 2279 4274 sich
2333 4219 2503 4290 Rege,
2561 4234 2731 4271 son-

1575 4291 1711 4347 dem
1740 4290 1903 4346 darin
1931 4290 2052 4346 dass
2082 4291 2178 4347 der
2206 4291 2489 4346 Eindruck
2517 4287 2726 4344 frisch
