2902 4649
328 132 412 196 12
1106 130 1181 186 Μ.
1220 127 1471 185 TULLII
1508 125 1891 184 CICERONIS

327 317 576 380 corpuS,
641 304 798 360 statu
856 315 991 358 cum
1050 303 1143 357 est
1194 303 1454 376 motum,
1518 293 1689 355 deest
1741 293 1937 355 officio
1994 311 2102 354 suo
2136 299 2221 354 ‘et
2274 294 2538 374 muneri,
2596 295 2691 354 sie

328 387 720 449 conturbatus
774 388 1006 447 animus
1061 403 1181 445 non
1239 392 1332 445 est
1386 390 1561 463 aptus
1608 381 1679 443 ad
1729 381 2175 462 exsequendum
2223 399 2441 442 munus
2489 399 2690 443 suum.

326 475 545 537 Munus
600 483 798 539 autem
853 476 1037 536 animi
1091 481 1184 535 est
1239 475 1470 534 ratione
1527 471 1681 533 bene
1741 473 1832 532 uti
1886 479 1947 532 et
1993 472 2280 551 sapientis
2325 471 2558 532 animus
2602 472 2693 531 ita

323 582 565 644 semper
620 564 891 625 adfectus
947 570 1065 643 est,
1126 570 1193 623 ut
1248 563 1480 622 ratione
1536 562 1758 641 optime
1816 567 2047 641 utatur3
2111 576 2436 638 numquam
2500 560 2693 638 igitur

328 662 422 714 est
491 652 896 733 pertun-batua.
988 651 1061 712 At
1134 649 1444 730 aegritudo
1524 648 1895 729 perturbatio
1968 656 2062 710 est
2133 649 2332 709 animi.
2435 647 2695 726 Semper

267 791 306 853 8
326 743 511 822 igitur
556 760 624 802 ea
672 743 909 821 sapiens
956 739 1201 801 vacabit.

242 868 307 916 16
506 829 644 891 Veri
685 832 860 891 etiam
899 828 1091 890 simile
1129 827 1274 889 illud
1313 834 1424 909 est,
1463 830 1565 907 qui
1587 830 1692 888 .sit
1732 835 2091 907 temperanS,
2130 859 2215 867 -
2256 843 2436 904 quem
2474 823 2697 887 Graeci

328 911 655 1001 σώφρονα
710 917 1006 998 appellant
1058 934 1309 996 eamque
1367 919 1651 977 virtutem
1709 906 2167 997 σωφροσύνην
2211 921 2453 994 vocant,
2507 931 2694 993 quam

329 1006 493 1069 soleo
560 1007 834 1086 equidem
900 1013 1028 1068 tum
1094 1007 1576 1086 temperantiam,
1644 1013 1772 1067 tum
1838 1003 2305 1065 moderationem
2374 1001 2696 1084 appellare,

328 1115 450 1157 non
497 1091 819 1175 numquam
868 1097 1045 1156 etiam
1092 1094 1474 1175 modestiam,
1522 1093 1626 1154 sed
1672 1093 1829 1155 haud
1878 1094 2002 1154 scio
2049 1109 2124 1152 an
2169 1100 2336 1153 recte
2382 1108 2452 1151 ea
2499 1093 2698 1153 virtus

329 1184 636 1264 frugalitas
683 1183 967 1264 appellari
1008 1185 1227 1264 possit,
1274 1182 1431 1261 quod
1478 1185 1792 1261 angustius
1836 1181 1992 1262 apud
2041 1181 2299 1241 Graecos
2345 1177 2526 1262 valet,
2585 1182 2698 1259 qui

328 1273 488 1352 frugi
546 1273 819 1334 homines
882 1270 1251 1353 χρησίμους
1314 1271 1639 1352 appellant,
1700 1270 1760 1331 id
1817 1279 1911 1331 est
1963 1277 2195 1330 tantum
2252 1267 2427 1328 modo
2482 1267 2704 1351 utiles3

330 1369 390 1422 at
434 1360 579 1422 illud
628 1370 723 1422 est
767 1361 970 1441 latius;
1027 1361 1222 1421 omnis
1278 1361 1437 1420 enim
1493 1359 1877 1440 abstinentia,
1937 1359 2132 1419 omnis
2187 1360 2558 1439 innocentia,
2611 1390 2692 1401 —

332 1467 484 1529 quae
550 1449 705 1529 apud
771 1449 1032 1510 Graecos
1095 1450 1383 1509 usitatum
1446 1466 1666 1509 nomen
1729 1447 1959 1510 nullum
2022 1446 2229 1528 habet,
2299 1445 2403 1508 sed
2468 1444 2699 1508 hahere

329 1545 530 1618 potest
584 1529 984 1617 ἀβλάβειαν;
1040 1555 1177 1598 nam
1233 1544 1325 1598 est
1380 1539 1720 1597 innocentia
1774 1536 2031 1597 adfectio
2086 1534 2219 1596 talis
2274 1536 2482 1616 animi,
2539 1552 2698 1615 quae

332 1634 544 1688 noeeat
579 1628 805 1688 nemini
848 1647 954 1708 —3
1000 1626 1265 1706 reliquas
1303 1627 1480 1686 etiam
1520 1628 1771 1686 virtutes
1809 1623 2116 1704 frugalitas
2154 1625 2439 1685 continet.
2522 1619 2693 1695 Quae

332 1718 450 1777 nisi
492 1723 657 1777 tanta
702 1724 865 1777 esset
910 1724 971 1776 et
1016 1717 1069 1775 si
1113 1716 1189 1775 iis
1247 1716 1566 1795 angustiis,
1623 1712 1842 1793 quibus
1897 1709 2169 1792 plerique
2226 1720 2470 1794 putant,
2525 1720 2698 1774 tene·

330 1811 530 1886 retur,
576 1822 903 1883 numquam
951 1811 1112 1864 esset
1158 1802 1223 1863 L.
1269 1801 1506 1863 Pisonis
1554 1820 1884 1882 cognomen
1934 1808 2099 1863 tanto
2147 1819 2328 1881 opere
2375 1800 2701 1863 laudatum.

401 2032 580 2094 natu,
611 2027 734 2082 ‘aus
762 2025 975 2082 seinem
1002 2025 1459 2097 naturgemarsen

331 2099 657 2168 Zostande'‚
684 2097 881 2153 Parad.
913 2097 940 2149 I
967 2102 997 2163 ξ
1022 2102 1088 2152 15
1115 2097 1369 2166 voluptas
1386 2128 1460 2138 —

332 2186 439 2240 quo
474 2174 552 2225 eat
586 2170 783 2238 maior,
820 2185 880 2224 eo
914 2170 1094 2238 Μαρία
1128 2173 1354 2224 mentem
1390 2184 1460 2223 ex

328 2255 430 2296 suo
466 2245 617 2297 statu
654 2246 707 2296 et
738 2242 861 2295 sede
894 2240 1148 2295 demovet.

400 2311 545 2383 Καρ.
577 2311 636 2367 8.
679 2318 763 2367 16.
813 2311 945 2367 Veri
980 2311 1143 2367 etiam
1178 2311 1355 2367 simile
1388 2342 1456 2352 —

330 2385 430 2454 qui
482 2384 557 2439 sit
609 2389 931 2452 temperans.
1004 2381 1118 2437 Der
1172 2381 1458 2437 Nachsatz

330 2454 480 2524 folgt
515 2456 629 2509 eret
664 2469 756 2508 am
795 2451 1018 2508 Schlul'e
1053 2452 1153 2507 des
1180 2453 1459 2523 Kapitels,

329 2525 521 2582 indem
591 2525 691 2580 der
751 2523 1286 2595 vorausgeschickte
1350 2522 1458 2578 Ge-

331 2595 520 2652 danke
553 2595 661 2651 mit
695 2596 797 2666 qui
829 2597 905 2651 sit
934 2596 1094 2665 fraqi
1120 2596 1193 2665 ἐς.
1222 2593 1456 2650 wieder-

330 2665 459 2723 holt
509 2665 671 2722 vird.
723 2698 792 2709 —
846 2665 954 2721 Die
1009 2665 1456 2736 Schwierigkeiig

332 2738 497 2793 einen
560 2737 688 2793 dem
751 2736 1137 2806 griechischen
1202 2739 1457 2807 entspre-

333 2807 590 2864 chenden
632 2808 927 2863 Ausdrnck
973 2824 1042 2863 zu
1084 2807 1298 2876 finden,
1354 2809 1458 2862 hat

336 2877 447 2937 Cic.
512 2878 846 2946 vei-aniam,
932 2878 1226 2934 mehrfach
1297 2879 1463 2933 einen

335 2948 465 3004 Sata
500 2952 559 3003 in
597 2950 708 3004 den
743 2950 990 3004 anderen
1035 2947 1462 3004 einzuschieben

332 3020 450 3074 und
482 3036 595 3075 von
624 3020 725 3075 der
755 3021 1122 3091 begonnenen
1149 3019 1462 3075 Konstruk-

333 3089 457 3146 tion
478 3091 895 3147 abzuweiehen.
922 3090 1246 3161 Allerdings
1259 3090 1460 3146 wider-

335 3162 558 3218 streben
577 3161 862 3231 derartige
881 3161 1306 3217 Anakoluthien
1329 3160 1460 3217 dem

334 3232 543 3289 Wesen
580 3233 680 3288 der
710 3232 901 3287 latein.
924 3232 1175 3302 Sprache
1210 3233 1462 3302 weniger

334 3304 422 3359 als
458 3303 557 3360 der
594 3303 922 3391 deutschen.
1425 3373 1439 3386 ·

334 3392 834 3502 ιιῑέᾏῖἶριῗὲἷέηέὲε
853 3373 1466 3501 ἔζὲῗεῖἷιεᾶῖἶὴῑὲῗῃῂἶζ

335 3532 521 3587 genau
549 3516 1034 3586 ent-sprechenden
1052 3515 1349 3571 Ausdruck
1373 3515 1468 3570 fiir

338 3584 695 3656 σωφροσύνη,
735 3588 834 3642 das
862 3587 953 3642 die
980 3586 1332 3643 Gesundheit
1365 3587 1467 3641 der

337 3657 500 3713 Seele
545 3657 900 3726 bezeichnet‚
955 3657 1063 3712 wie
1111 3655 1193 3713 sie
1241 3658 1360 3713 sich
1405 3657 1468 3712 in

339 3728 442 3783 der
468 3726 791 3798 Marsigung
825 3728 926 3782 der
950 3728 1262 3798 Begierden
1297 3727 1467 3799 zeigt.

415 3800 562 3869 quod
589 3799 883 3869 anqustius
904 3829 975 3840 ——
997 3801 1167 3855 valet.-
1203 3798 1317 3855 Cic.
1346 3799 1467 3855 will

338 3886 517 3995 ἕξεί
529 3869 1470 3996 εοίἱιπξῧοῗὶαξοιὶιωὴοῗέῗιῖἓξῗὲτῖῗ

336 4011 673 4082 Bedeutung
728 4011 1192 4082 wiederzugeben
1246 4011 1325 4082 pfl
1426 4012 1465 4069 '.

336 4080 449 4137 Der
468 4081 741 4137 Gedanke
767 4082 849 4138 ist
868 4082 1049 4138 schief
1069 4083 1382 4152 ausgedrtic

408 4154 586 4208 munis
631 4154 969 4209 abstinentia
1024 4154 1129 4208 cet.
1178 4152 1272 4208 ein
1316 4153 1465 4208 Ana-

337 4223 559 4291 koluth‚
599 4223 792 4279 indem
818 4225 967 4280 nach
994 4224 1094 4279 der
1121 4223 1464 4280 Pax-entheae

339 4310 440 4351 aus
469 4293 568 4350 der
593 4295 856 4366 passiven
884 4295 944 4350 in
972 4295 1062 4351 die
1093 4294 1286 4352 aktive
1312 4296 1464 4351 Kon-

1570 2025 1852 2082 struktion
1904 2025 2341 2095 fibergegangen
2392 2025 2550 2079 wird.
2625 2025 2703 2080 de

1566 2096 1659 2152 fin.
1681 2095 1735 2150 II
1763 2102 1851 2163 33,
1880 2101 1981 2151 107
2018 2098 2259 2166 sianum,
2295 2096 2507 2163 tabula,
2545 2097 2700 2152 loeus

1565 2183 1854 2234 amoenus,
1902 2168 2051 2234 Mi,
2100 2168 2352 2235 venatio,
2401 2168 2538 2223 villa
2573 2166 2698 2223 Im-

1565 2240 1701 2295 culli
1738 2270 1806 2279 -
1843 2239 1938 2294 sed
1971 2254 2055 2305 ea,
2091 2255 2232 2308 quae
2268 2238 2421 2306 dixi,
2460 2239 2536 2295 ad
2571 2254 2694 2294 cor-

1555 2326 1740 2381 pusne
1774 2308 1988 2383 refer-32?
2061 2309 2142 2365 Ib.
2181 2308 2261 2364 III
2298 2315 2350 2379 3,
2389 2315 2452 2366 11
2491 2314 2701 2367 ceterae

1560 2382 2011 2451 philosophorum
2074 2382 2406 2465 disciplinae
2471 2412 2536 2466 -3-
2601 2398 2703 2438 eae

1563 2452 2701 2607 Qssssffioe'zf‘ffssds‘i‘ssssssnfflfflffa

1565 2595 1687 2650 sloh
1723 2612 1830 2650 nur
1864 2612 1927 2650 m
1971 2594 2072 2649 der
2107 2594 2442 2664 Bedeutung
2474 2595 2692 2651 incolu-

1564 2667 1756 2734 mitas,
1821 2664 2079 2748 dagegen
2145 2666 2249 2720 hat
2307 2666 2408 2720 das
2460 2664 2698 2735 Adjekt.
2818 2664 2825 2668 ’

1564 2730 2699 2864 2²3225332t2ffi310³933203333¹ffiffi

1570 2878 1953 2948 unschuldig’.

1644 2949 1798 3021 Quae
1849 2951 1965 3005 nisi
2017 2953 2179 3004 tanta
2234 2951 2341 3005 cet.
2414 2949 2570 3018 fraqi
2622 2978 2698 2990 -

1567 3020 1878 3091 eigentlich
1925 3020 2026 3075 der
2063 3018 2303 3075 Genetiv
2347 3036 2461 3076 von
2506 3020 2700 3090 fmyee

1567 3092 1719 3146 nach
1783 3090 1882 3146 der
1931 3096 1995 3147 ὅ.
2051 3089 2303 3160 Deklin.,
2377 3090 2486 3145 wie
2547 3091 2697 3146 noch

1568 3162 1806 3218 Plautus
1862 3179 1888 3215 s
2044 3162 2219 3216 bonae
2269 3162 2308 3229 f
2417 3162 2428 3174 ⁸
2482 3176 2589 3217 eece
2624 3190 2695 3202 —·

1570 3233 1901 3289 bezeichnet
1966 3249 2037 3288 en
2067 3232 2329 3288 rechtsch
2407 3248 2551 3289 enen
2576 3233 2697 3287 und

1571 3305 1928 3360 besonnenen
1998 3302 2196 3374 Manu,
2269 3302 2501 3373 speoiell
2568 3302 2701 3373 den,

1574 3374 1820 3430 welcher
1844 3374 2036 3429 Prunk
2064 3373 2702 3445 und‚Verschwendung

1572 3445 1809 3513 meidet,
1856 3446 1935 3500 im
1973 3444 2287 3517 Gegensatz
2333 3463 2401 3500 zu
2444 3461 2699 3516 nequam,

1574 3516 1703 3571 dem
1758 3516 2213 3572 Verschwender.
2295 3515 2436 3571 Eine
2491 3515 2698 3572 andere

1574 3586 1909 3658 Bedeutung
1963 3588 2121 3642 hatte
2177 3588 2275 3642 das
2332 3586 2498 3642 Wort
2549 3587 2697 3642 auch

1574 3657 1734 3713 nicht
1775 3659 1864 3713 als
1910 3658 2177 3713 Beiname
2224 3656 2323 3712 des
2358 3657 2505 3714 Piso.
2582 3656 2694 3713 Cic.

1575 3728 1696 3799 legt.
1730 3728 1849 3784 ihm
1885 3729 2011 3784 hier
2044 3729 2159 3784 und
2195 3728 2276 3784 IV
2308 3734 2390 3797 16,
2425 3735 2495 3785 36
2533 3728 2697 3784 einen

1574 3799 1819 3856 anderen
1876 3798 2010 3854 Sinn
2061 3800 2182 3870 bei,
2239 3798 2324 3853 als
2378 3816 2439 3855 es
2491 3799 2553 3854 in
2597 3798 2698 3854 der

1575 3870 2005 3941 gewohnlichen
2043 3870 2290 3941 Sprache
2324 3870 2503 3927 hatte.

1645 3941 1716 3997 L.
1774 3942 2117 4012 Calpurnius
2179 3941 2311 3997 Piso
2375 3943 2548 3997 aetate
2611 3941 2697 3996 als

1576 4012 1789 4069 Tribun
1830 4019 1930 4069 149
1972 4012 2173 4080 durch,
2220 4011 2344 4067 dass
2381 4012 2507 4068 eine
2543 4014 2695 4068 stan-

1574 4083 1704 4155 dige
1733 4083 2112 4140 Kommission
2147 4101 2244 4138 zur
2268 4083 2696 4153 Entscheidung

1571 4154 1712 4210 fiber
1738 4154 2121 4211 Unterschleif
2149 4154 2460 4226 eingeeetzt
2484 4153 2691 4210 warde.

1572 4225 1649 4280 Er
1677 4243 1793 4281 war
1819 4226 2034 4282 Konsul
2057 4232 2160 4282 134
2186 4225 2303 4280 und
2328 4225 2553 4281 sehrieb
2578 4229 2694 4280 An-

1569 4296 1739 4353 nalen
1777 4297 1877 4353 der
1911 4298 2229 4353 romischen
2267 4295 2622 4353 Gesehiehte.
