2902 4649
300 147 389 212 92
731 101 742 111 ‘
1084 146 1161 201 M.
1199 144 1450 200 TULLII
1487 144 1871 201 CICERONIS

297 313 470 375 Nosti
518 331 670 393 quae
727 319 1091 394 sequuntur3
1155 312 1400 374 alternis
1462 313 1620 373 enim
1680 310 1955 373 versibus
2013 312 2437 390 intorquentur
2495 311 2664 371 inter

303 403 521 463 fratres
558 403 940 482 gravissimae
976 401 1397 484 contumeliae,
1444 409 1513 462 ut
1558 400 1731 462 facile
1773 389 2053 479 adpareat
2089 398 2256 460 Atrei
2300 398 2456 460 filios
2503 417 2663 482 esse,

308 493 440 552 eius
487 493 591 569 qui
636 490 957 552 meditatur
1001 508 1255 571 poenam
1300 492 1364 554 in
1410 490 1659 551 fratrem
1706 506 1945 550 novamz

477 595 689 659 Maio'r
734 599 886 658 mihi
927 601 1133 672 melec,
1180 595 1378 657 mdius
1425 594 1855 657 miscendumst
1898 598 2148 670 malum,

479 688 587 761 qm·
630 683 794 747 illius
839 687 1133 748 acerbum
1178 686 1290 749 σόν
1335 688 1707 746 contundam
1753 691 1815 745 et
1860 683 2254 760 conprimam.

302 791 434 864 Quo
480 794 665 871 igitur
709 792 856 853 haec
904 793 1166 872 erumpit
1210 786 1444 852 moles?
1532 790 1686 851 Audi
1731 789 2081 870 Thyestem:

479 888 657 994 I'psus
701 916 990 979 hortatzir
1034 934 1127 978 me
1166 914 1400 992 frater,
1446 915 1518 977 ait
1561 932 1723 977 meos
1767 912 1945 976 malis
1990 918 2176 980 miser

480 1004 840 1067 mdndarem
885 1012 1061 1067 natos
1109 1051 1372 1065 .....

299 1108 526 1171 Eorum
572 1101 801 1172 viscera
848 1109 1106 1190 adponit.
1200 1109 1356 1182 Quid
1404 1118 1497 1171 est
1552 1112 1709 1172 onim
1758 1128 1877 1189 quo
1924 1127 2046 1170 non
2091 1108 2510 1189 progrediatur
2557 1127 2672 1195 eo<

300 1198 437 1259 dem
482 1201 572 1259 ira
619 1218 736 1279 quo
783 1196 996 1260 furor‘?
1086 1198 1291 1279 Itaque
1338 1202 1525 1261 iratos
1569 1201 1814 1279 proprie
1851 1198 2106 1260 dicimus
2143 1200 2339 1259 exisse
2377 1197 2452 1259 de
2487 1206 2659 1278 pote-

302 1295 481 1370 state,
525 1288 587 1348 id
634 1295 725 1348 est
770 1288 845 1348 de
882 1288 1158 1370 consilio,
1205 1287 1278 1348 de
1315 1290 1576 1371 ratione,
1623 1288 1696 1349 de
1745 1293 1970 1368 mente3
2015 1287 2234 1348 horum
2280 1289 2441 1348 enim
2484 1295 2655 1366 pote-

218 1393 284 1443 78
306 1383 427 1437 stas
473 1379 537 1437 in
582 1383 774 1438 totum
828 1378 1089 1437 animum
1146 1395 1276 1438 esse
1333 1376 1528 1439 dehet.
1619 1376 1727 1437 His
1783 1385 1888 1437 aut
1940 1374 2330 1439 subtrahendi
2386 1384 2526 1438 sunt
2580 1379 2663 1458 ei,

195 2134 281 2201 37

304 1467 364 1526 in
414 1483 566 1545 quos
610 1468 900 1545 impetum
946 1475 1240 1527 conantur
1286 1466 1513 1548 facere,
1572 1466 1713 1527 dum
1761 1484 1825 1526 se
1871 1467 1983 1545 ipsi
2029 1464 2330 1545 conligant
2375 1496 2460 1507 -
2508 1465 2659 1544 quid

306 1563 398 1615 est
444 1561 643 1616 autem
690 1573 754 1614 se
800 1556 998 1635 ipsum
1046 1555 1344 1635 conligere
1391 1557 1509 1617 nisi
1554 1555 1886 1636 dissupatas
1938 1556 2118 1614 animi
2162 1560 2365 1634 partes
2414 1571 2663 1615 rursum

303 1645 367 1704 in
432 1661 610 1705 suum
670 1642 864 1705 locum
930 1640 1187 1723 cogere?
1234 1678 1319 1687 --
1368 1652 1471 1705 aut
1536 1643 1784 1724 rogandi
1849 1643 2177 1723 orandique
2243 1650 2385 1703 sunt
2449 1650 2544 1725 ut,
2609 1645 2665 1703 si

306 1750 484 1812 quam
519 1730 741 1792 habent
778 1732 1106 1793 ulciscendi
1144 1735 1289 1814 vim,
1334 1732 1613 1794 differant
1658 1735 1720 1793 in
1766 1740 2007 1812 tempus
2042 1730 2229 1814 aliud,
2275 1731 2417 1793 dum
2463 1731 2663 1792 defer·

303 1828 503 1880 vescat
545 1822 652 1881 ira.
743 1819 1168 1882 Defervescere
1216 1829 1415 1882 autem
1463 1829 1641 1882 certe·
1683 1822 1973 1900 significat
2019 1820 2298 1881 ardorem
2342 1822 2524 1881 animi
2567 1822 2660 1881 in-

303 1910 422 1969 vita
467 1910 697 1969 ratione
745 1911 1082 1970 excitatum.
1172 1908 1262 1969 Ex
1310 1928 1427 1989 quo
1475 1908 1622 1970 illud
1667 1909 1941 1971 laudatur
1985 1909 2305 1992 Archytae,
2366 1911 2472 1988 qui
2516 1927 2660 1969 cum

302 1996 476 2058 vilico
523 1997 715 2057 factus
763 2005 925 2059 esset
969 1999 1203 2080 iratior,
1260 1993 1402 2079 quo
1457 2005 1514 2059 te
1560 1993 1760 2059 modo'
1816 1999 2012 2078 inquit
2067 1993 2483 2079 accepissem,
2537 1999 2660 2059 nisi

303 2087 493 2146 iratus
540 2080 784 2146 essem?

482 2173 597 2235 Ubi
651 2182 794 2235 sunt
849 2192 991 2255 ergo
1047 2177 1174 2257 isti,
1232 2177 1335 2255 qui
1388 2174 1756 2236 iracundiam
1810 2175 2020 2236 utilem
2075 2176 2283 2237 dicunt
2329 2208 2413 2217 —
2458 2182 2667 2254 potest

216 2212 467 2324 mutilis
515 2281 646 2324 esse
692 2260 963 2323 insania?
1015 2296 1092 2305 —
1145 2273 1247 2324 aut
1291 2260 1668 2326 naturalem?
1713 2283 1787 2324 an
1833 2266 2153 2345 quicquam
2194 2270 2286 2324 est
2325 2262 2663 2324 secundum

301 2361 601 2433 naturam,
647 2351 806 2432 quod
851 2354 918 2412 fit
962 2361 1331 2433 repugnante
1378 2350 1653 2414 ratione?
1743 2351 1874 2424 Quo
1929 2354 2103 2414 modo
2151 2361 2389 2434 autem,
2445 2355 2498 2414 si
2551 2371 2660 2413 na-

301 2441 511 2504 turalis
560 2448 718 2501 esset
761 2443 877 2523 ira,
924 2450 1027 2502 aut
1071 2441 1221 2502 alius
1278 2441 1391 2502 alio
1446 2444 1636 2521 magis
1691 2441 2015 2503 iracundus
2075 2450 2264 2522 esset,
2319 2449 2422 2502 aut
2476 2442 2664 2502 finem

305 2611 460 2668 selbe
485 2610 662 2667 Stelle
690 2610 1121 2682 eingenommen
1145 2631 1214 2666 ιιι
1240 2613 1427 2667 haben
1533 2628 1644 2666 von
1693 2612 1910 2667 tradere
1961 2611 2042 2666 ist
2092 2612 2287 2682 h‘aufig
2348 2612 2443 2668 bei
2499 2613 2663 2668 alten

304 2683 548 2752 scheint,
613 2682 721 2739 wie
775 2684 835 2738 in
894 2683 994 2739 der
1048 2700 1160 2740 von
1213 2682 1425 2740 Ennius
1533 2682 1817 2739 Dichtem.
1889 2683 1943 2736 II
1983 2689 2068 2752 17,
2101 2689 2166 2738 19
2203 2684 2367 2739 salsis
2401 2685 2668 2752 fluctibus

302 2756 489 2824 nachg
491 2754 815 2810 edichteten
866 2754 1164 2826 Iphigenia
1218 2755 1425 2810 Aulika.
1532 2755 1754 2809 mcmdet
1793 2770 1889 2809 me.

306 2826 407 2880 des
441 2825 738 2896 Euripides
788 2826 890 2880 der
926 2825 1101 2881 Streit
1143 2825 1425 2881 zwischen
1607 2825 1758 2895 Quid
1790 2830 1869 2881 est
1905 2855 1974 2867 —-
2011 2841 2118 2894 quo
2157 2855 2223 2867 —-
2259 2827 2492 2894 t'wror.
2510 2825 2663 2882 Eine

303 2896 693 2967 Agamemnon
720 2897 835 2951 und
862 2897 1150 2953 Menelaus
1178 2916 1231 2954 v.
1259 2902 1363 2952 317
1382 2897 1422 2952 f.
1462 2902 1480 2931 ⁸
1531 2896 2105 2966 Zusammenziehung
2162 2913 2264 2951 aus
2319 2896 2457 2951 zwei
2509 2895 2660 2952 Aua·

375 2968 776 3036 intorquentur.
852 2966 905 3022 S
944 2967 1026 3020 ΙΠ
1060 2974 1149 3038 26,
1188 2973 1255 3023 63
1284 2985 1425 3038 quae
1531 2968 1805 3023 dracken.
1841 2969 1979 3037 quid
2013 2973 2120 3033 est,
2153 2984 2262 3037 quo
2294 2984 2412 3023 non
2404 2983 2661 3050 nproyre-

301 3039 467 3094 verba
503 3043 829 3108 contorquet.
1531 3040 1726 3094 diatm-
1767 3040 1861 3093 ira
1905 3045 1956 3094 et
1998 3040 2184 3106 furor,
2229 3039 2347 3094 und
2388 3040 2483 3095 ira
2521 3056 2662 3108 pro-

378 3110 579 3166 Maior
625 3109 764 3165 mihi
806 3109 984 3164 moles.
1055 3110 1173 3165 Ans
1218 3108 1423 3165 Accius
1530 3111 1781 3180 yreditwr
1815 3111 1994 3165 eodem
2029 3126 2136 3179 quo
2169 3111 2346 3177 furor

302 3180 533 3245 Attenia,
589 3198 631 3236 s,
683 3181 753 3234 de
789 3180 943 3234 deor.
993 3198 1047 3234 ιι.
1085 3179 1166 3232 ΠΙ
1201 3186 1297 3248 26,
1337 3185 1423 3236 68.
1604 3182 1775 3236 exisse
1798 3183 1866 3236 de
1882 3186 2161 3249 potestate.
2217 3181 2267 3235 V
2269 3182 2344 3251 gl.
2373 3181 2454 3236 III
2480 3187 2532 3251 5,
2563 3188 2655 3239 11.

304 3254 371 3308 de
407 3255 548 3308 orat.
578 3251 660 3307 III
688 3256 776 3320 58,
805 3257 925 3306 219.
965 3281 1033 3290 —
1070 3251 1259 3319 moles,
1299 3249 1424 3306 eine
1606 3257 1690 3306 78.
1727 3252 1827 3307 Ere
1862 3269 1994 3322 quo.-
2031 3252 2144 3306 Das
2171 3252 2400 3309 Relativ
2426 3252 2658 3308 bezieht

303 3323 634 3394 schwierige
661 3321 1140 3391 Unternehmung.
1200 3323 1266 3376 In
1294 3321 1424 3376 dem
1532 3322 1654 3388 sich
1689 3323 1849 3378 nicht
1874 3323 1976 3379 auf
1999 3323 2108 3377 den
2134 3323 2500 3378 unmittelbar
2525 3327 2657 3378 v'or-

304 3393 474 3450 Sinne
521 3395 676 3450 steht
721 3394 822 3449 das
858 3392 1024 3449 Wort
1075 3393 1423 3448 namentlich
1530 3394 1929 3464 hergehenden
1958 3393 2085 3449 Satz
2098 3436 2114 3464 ,
2150 3393 2393 3449 sondern
2419 3394 2523 3449 auf
2543 3394 2663 3450 den

303 3466 399 3521 bei
437 3465 699 3549 spateren
723 3463 1062 3520 Prosaikern
1099 3464 1273 3520 allein
1307 3464 1424 3518 und
1531 3465 2023 3536 Hauptgedanken
2087 3467 2327 3536 royandi
2380 3472 2444 3521 ut
2498 3466 2663 3533 diffe-

305 3537 413 3591 mit
450 3537 633 3591 einem
661 3535 897 3591 Genetiv
924 3536 1031 3590 wie
1072 3536 1212 3591 belli.
1289 3535 1421 3591 Tac.
1532 3542 1680 3598 rwnt.

285 3606 463 3671 ⁸a.11.I
498 3611 567 3661 45
604 3608 686 3661 sic
712 3608 1021 3674 compositis
1039 3607 1424 3675 praesentibus
1604 3609 1906 3678 Archytas,
1961 3607 2061 3664 der
2104 3607 2492 3677 Pythagoraa
2552 3624 2665 3662 aua

305 3678 460 3733 haud
492 3693 675 3732 mor
708 3679 870 3732 moles
901 3682 1196 3746 supererat.
1532 3678 1742 3734 'Parent
1788 3680 1905 3734 und
1954 3679 2177 3735 Freund
2224 3679 2444 3747 Platon,
2501 3678 2665 3734 lebte

376 3749 711 3804 miscendum
746 3753 852 3816 est,
897 3747 989 3802 ein
1026 3749 1297 3819 Zeugma,
1352 3749 1426 3804 da
1533 3752 1682 3809 etwa
1715 3750 1802 3805 bis
1840 3755 1945 3806 365
1982 3768 2033 3804 v.
2074 3750 2200 3806 Chr.
2272 3750 2351 3804 Er
2396 3765 2516 3805 war
2569 3750 2666 3805 als

305 3839 376 3875 ιιι
410 3822 572 3875 moles
608 3821 751 3874 statt
783 3819 1115 3874 miscendum
1152 3820 1243 3875 ein
1260 3820 1427 3875 Wort.
1532 3821 1843 3890 Philosoph
1880 3822 1997 3876 und
2022 3821 2479 3888 Mathematiker,
2518 3819 2663 3877 aber

305 3891 412 3946 wie
447 3891 741 3975 paranda,
786 3890 1071 3945 subeunda
1115 3908 1183 3944 ιιι
1228 3897 1423 3962 ergan-
1533 3893 1679 3947 auch
1715 3892 1801 3947 als
1835 3892 2106 3947 Feldhen·
2138 3893 2255 3947 und
2291 3892 2662 3947 Staatsmann

303 3978 409 4017 zen
441 3963 535 4018 ist.
1532 3962 1812 4018 berfihmt.
1883 3963 2072 4018 Valet.
2098 3963 2246 4018 Max.
2284 3962 2362 4018 IV
2404 3969 2432 4017 1
2473 3965 2589 4021 ext.
2624 3971 2653 4019 1

374 4035 474 4117 φοί
508 4059 577 4081 ==
612 4050 720 4104 quo
753 4033 926 4090 modo.
1533 4035 1748 4088 erzahlt
1800 4033 1891 4089 die
1938 4035 2234 4090 Anekdote
2285 4033 2663 4092 ausffihrlich.

376 4120 561 4174 meua,
598 4104 715 4160 alto
750 4105 921 4160 Form
957 4102 1047 4158 fiir
1083 4105 1213 4181 ipse.
1532 4105 1753 4161 Andere
1779 4106 1945 4175 legen
1979 4105 2091 4160 den
2118 4108 2300 4176 Aussp
2300 4107 2439 4160 ruch
2464 4104 2663 4176 Plato,

374 4178 539 4231 malis
556 4178 957 4230 mandarem=
973 4191 1222 4232 vescerer.
1259 4176 1422 4233 Lucr.
1533 4175 1800 4231 Sokrates
1837 4178 1953 4249 und
1989 4177 2234 4234 anderen
2267 4178 2379 4234 bei.

304 4248 359 4302 Π
387 4252 491 4304 638
528 4263 597 4302 ηε
624 4246 905 4303 Saturnus
934 4264 1053 4302 evm
1079 4248 1242 4303 malis
1265 4263 1423 4302 man-
1602 4246 1949 4318 accepissem,
1991 4266 2034 4305 s.
2073 4269 2118 4304 ι.
2154 4250 2208 4303 II
2248 4255 2331 4317 14,
2367 4255 2438 4306 34
2471 4251 2663 4305 verbe-

304 4321 461 4375 daret
509 4318 753 4387 adeptus.
826 4320 1092 4375 mandare
1135 4319 1215 4374 im
1254 4317 1422 4374 Sinne
1496 4354 1500 4358 -
1531 4319 1688 4374 ribus
1724 4321 2093 4389 acomiwntwr.
