2902 4649
258 1980 341 2045 13

347 179 429 244 18

1132 181 1207 235 M.
1248 179 1491 235 TULLII
1528 179 1911 236 CICERONIS

345 344 565 409 alieni?
657 343 857 419 Quid?
920 346 1086 407 illum
1143 346 1329 407 filium
1389 346 1544 408 Solis
1609 366 1808 408 nonne
1868 349 2056 426 patris
2117 349 2306 428 ipsius
2365 348 2498 409 luce
2561 348 2723 409 indi·

345 454 525 516 gnum
572 433 796 517 putas?

614 543 930 620 Refziqere
977 547 1142 605 oculi
1148 565 1173 614 ;
1220 543 1444 620 corpus
1492 548 1691 605 macie
1736 542 2047 616 extdbuz't;

618 632 921 694 lacrimae
952 635 1258 710 peredere
1303 631 1515 694 timore
1561 631 1894 709 exsanquz's
1935 652 2130 708 aenas
2142 656 2166 705 ,-

614 726 795 783 situm
842 719 1006 784 inter
1052 726 1178 783 oris
1227 719 1425 782 bdrba
1465 724 1702 799 pedore
1748 723 2009 784 ho'rrz'da
2057 730 2241 799 atque

617 812 858 874 intonsa
906 810 1178 887 infuscat
1215 810 1433 888 pectus
1482 809 1715 872 inluvie'
1753 813 2056 873 scabrum.

347 917 507 979 Haec
555 917 731 999 mala,
780 937 814 977 o
862 917 1210 979 stultissime
1257 919 1467 998 Aeeta,
1512 919 1642 997 ipse
1689 916 1798 978 tibi
1846 918 2150 1000 addidisti3
2197 937 2317 979 non
2364 920 2601 979 inerant
2649 920 2718 979 in

349 1008 451 1088 iis,
517 1025 668 1087 quae
729 1006 840 1067 tibi
900 1025 1073 1068 casus
1129 1008 1463 1087 invexerat,
1528 1015 1589 1067 et
1646 1006 1886 1086 quidem
1939 1010 2268 1069 inveterato
2324 1007 2504 1088 malo,
2570 1026 2712 1069 cum

351 1104 551 1157 tumor
611 1098 792 1157 animi
851 1094 1177 1156 resedisset
1235 1127 1311 1137 —-
1379 1103 1472 1156 est
1532 1106 1729 1156 autem
1792 1097 2130 1179 aegritudo,
2193 1106 2262 1159 ut
2325 1096 2580 1177 docebo,
2646 1099 2711 1157 in

304 1213 308 1224 ·
349 1187 626 1266 opinione
673 1185 813 1245 mali
860 1186 1089 1245 recenti
1132 1205 1238 1264 —3
1285 1183 1388 1245 sed
1429 1202 1662 1245 maeres
1699 1184 1973 1246 videlicet
2011 1189 2183 1266 regni
2220 1185 2539 1266 desideriO,
2586 1205 2710 1247 non

349 1274 518 1335 filiae.
608 1272 773 1334 Illam
823 1276 981 1334 enim
1027 1272 1239 1333 oderas
1286 1281 1347 1334 et
1392 1275 1524 1334 iure
1564 1273 1844 1335 fortasse:
1892 1292 2077 1354 regno
2115 1293 2234 1336 non
2275 1293 2465 1355 aequo
2504 1278 2704 1335 animo

261 1374 328 1422 2¹7
352 1362 610 1424 carebas,
703 1362 814 1424 Est
858 1370 1057 1424 autem
1093 1361 1391 1440 inpudens
1431 1361 1630 1422 luctus
1668 1380 1936 1423 maerore
1985 1382 2050 1424 se
2097 1365 2494 1445 conficientiS,
2542 1355 2708 1444 qu'od

351 1454 643 1531 imperare
692 1470 812 1512 non
859 1451 1033 1512 liceat
1087 1450 1308 1511 liberis,
1401 1450 1718 1531 Dionysius
1765 1450 2005 1530 quidem
2053 1460 2342 1532 tyrannus
2391 1451 2707 1532 Syracusis

352 1541 635 1620 expulsus
683 1540 951 1601 Corinthi
1007 1558 1228 1620 pueros
1275 1538 1551 1601 docebat:
1619 1558 1810 1619 usque
1874 1559 1944 1601 eo
2005 1542 2257 1621 imperio
2318 1560 2524 1601 carere
2584 1560 2708 1601 non

352 1638 602 1709 poterat.
695 1629 1019 1709 Tarquinio
1057 1647 1199 1689 vero
1239 1629 1382 1708 quid
1421 1628 1841 1709 inpudentiuS,
1887 1631 1995 1708 qui
2038 1629 2259 1690 bellum
2297 1637 2536 1709 gereret
2573 1648 2717 1691 cum

352 1721 463 1799 iis,
512 1720 614 1798 qui
662 1720 792 1780 eius
837 1737 959 1779 non
1006 1717 1267 1779 tulerant
1306 1713 1681 1796 superbiam?
1770 1715 1828 1778 Is
1875 1734 2012 1779 cum
2061 1721 2300 1780 restitui
2344 1721 2406 1779 in
2455 1737 2713 1798 regnum

355 1826 469 1867 nec
505 1807 842 1868 Veientium
888 1826 1000 1868 nec
1036 1805 1385 1868 Latinorum
1432 1809 1613 1867 armis
1650 1809 1971 1887 potuisset,
2019 1807 2234 1870 Cumas
2272 1807 2594 1869 contulisse
2647 1826 2715 1868 se

358 1895 579 1957 dicitur
624 1899 806 1975 inque
856 1915 922 1956 ea
970 1894 1118 1957 urbe
1168 1898 1333 1956 senio
1381 1902 1443 1956 et
1489 1894 1857 1974 aegritudine
1906 1916 2038 1957 esse
2089 1897 2416 1957 confectus,

539 1984 666 2045 Hoc
713 1993 781 2046 tu
827 1987 1011 2064 igitur
1058 2003 1269 2046 censes
1325 1985 1577 2064 sapienti
1634 1984 1905 2045 accidere
1960 2004 2162 2067 posse,
2218 1992 2286 2046 ut
2341 1985 2723 2065 aegritudine

363 2076 760 2155 opprimatur,
819 2073 880 2133 id
928 2083 1020 2135 est
1066 2069 1348 2135 miseria?
1438 2071 1585 2133 Nam
1634 2092 1771 2133 cum
1819 2076 2012 2135 omnis
2057 2073 2426 2154 perturbatio
2472 2076 2719 2134 miseria

362 2172 483 2243 est,
549 2171 677 2224 tum
741 2164 1080 2223 carnificina
1142 2171 1234 2224 est
1290 2162 1616 2240 aegritudo.
1708 2161 1900 2223 Habet
1964 2163 2235 2223 ardorem
2300 2162 2508 2242 libido,
2574 2162 2719 2223 levi-

360 2260 546 2313 tatem
599 2252 821 2312 laetitia
879 2254 1167 2334 gestiens,
1224 2251 1620 2311 humilitatem
1673 2258 1897 2333 metuS,
1964 2251 2065 2311 sed
2129 2251 2435 2331 aegritudo
2491 2253 2722 2312 maiora

357 2342 673 2423 quaedam,
710 2341 904 2402 tabem
945 2344 1302 2420 cruciatum,
1341 2340 1798 2401 adflictationem
1838 2341 2206 2422 foeditatem3
2253 2340 2499 2422 lacerat,
2547 2349 2723 2402 exest

428 2514 587 2566 illum
612 2514 791 2579 filium
809 2512 984 2578 Solis,
1024 2512 1134 2566 den
1153 2498 1340 2579 Ketes,
1371 2512 1482 2566 den

358 2582 512 2638 Sohn
557 2585 656 2638 des
700 2582 894 2638 Helios
939 2583 1055 2636 und
1099 2582 1199 2637 der
1244 2582 1482 2651 Perseis,

356 2654 533 2709 Vater
583 2656 682 2710 der
733 2655 947 2711 Medea.

356 2726 531 2781 Jason
588 2727 696 2781 mit
749 2726 901 2781 Hilfe
960 2727 1061 2780 der
1113 2725 1315 2780 Medea
1378 2724 1482 2779 das

359 2797 599 2867 goldene
617 2798 797 2853 Vliel's
818 2798 1057 2867 geraubt
1084 2797 1261 2862 hatte,
1291 2796 1483 2851 wurde

359 2885 421 2923 er
455 2884 568 2923 von
604 2870 816 2924 seinem
818 2816 1068 2922 gBruder
1104 2869 1301 2923 Perses
1338 2866 1483 2921 auch

362 2939 461 2993 der
496 2938 828 2994 Herrschaft
863 2940 1127 3005 1131311111»,
1177 2939 1313 2992 aber
1350 2943 1480 3008 spa.-

350 3012 449 3064 ¹ber
494 3026 604 3063 von
657 3010 861 3064 Medea.
916 3010 1032 3062 und
1086 2982 1269 3063 ibrem
1328 3010 1483 3064 Sohn

316 3077 321 3085 ’
361 3080 558 3135 Medus
588 3081 796 3134 wieder
823 3081 1143 3150 eingesetzt.
1191 3079 1481 3135 DieVerse

361 3152 489 3207 sind
526 3169 627 3206 aus
665 3153 795 3206 dem
831 3151 1029 3206 Medus
1069 3152 1167 3205 des
1203 3151 1481 3205 Pacuvius

361 3224 477 3278 und
507 3223 788 3278 sehildern
817 3224 925 3277 den
958 3223 1230 3290 Zustand‚
1267 3222 1326 3276 in
1355 3223 1484 3276 dem

351 3295 561 3350 'Medea
595 3295 758 3349 ihren
794 3294 970 3349 Vater
1005 3293 1401 3348 wiederfindet.

433 3366 619 3437 Βαΐας]
619 3383 706 3421 ere
751 3367 924 3433 oculi,
980 3364 1071 3420 die
1116 3365 1314 3434 Augen
1361 3365 1486 3418 sind

361 3436 422 3492 in
483 3439 607 3491 ihre
672 3437 898 3492 Hohlen
971 3436 1483 3506 zun‘iekgesunken,

361 3509 453 3562 ihr
490 3509 665 3563 Glanz
704 3508 781 3563 ist
829 3509 1137 3564 erlosehen.
1212 3508 1345 3561 Man
1389 3508 1484 3562 be-

364 3580 528 3633 3011133
578 3579 669 3633 die
712 3580 980 3650 Haufung
1024 3579 1123 3634 des
1160 3578 1485 3633 Ausdrucks

362 3651 423 3703 in
468 3652 635 3704 sitwm
682 3652 824 3705 inter
861 3654 974 3705 oris
1020 3652 1092 3718 (d.
1131 3650 1166 3705 i
1211 3651 1486 3705 zwischen

364 3721 494 3776 dem
533 3719 795 3775 Schmutz
851 3722 948 3775 des
997 3721 1252 3776 Gesiehts
1299 3721 1485 3774 wach-

365 3792 523 3862 send)
555 3794 756 3862 pedore
805 3793 1063 3860 horrida,
1112 3794 1320 3847 inluvie
1369 3809 1486 3847 sca·

365 3865 536 3919 hrum.
617 3890 625 3906 ι

435 3936 663 3989 horrida
700 3941 889 4004 atque,
927 3933 1021 3989 ein
1055 3950 1245 3989 versus
1279 3936 1486 4004 hyper-

364 4008 590 4061 metrus.

438 4079 735 4132 inveterato
764 4079 934 4145 malo,
964 4078 1056 4131 ein
1074 4075 1353 4145 Unglfick‚
1384 4076 1485 4129 das

368 4148 489 4202 sich
544 4166 645 4202 vor
708 4149 905 4219 langer
960 4149 1085 4202 Zeit
1146 4147 1488 4216 zugetragen

366 4220 496 4289 hat,
535 4220 681 4274 denn
718 4219 826 4274 seit
862 4219 961 4275 der
997 4219 1203 4274 Flueht
1239 4217 1336 4272 der
1369 4218 1485 4272 Me-

366 4292 473 4346 dea
518 4289 605 4344 bis
652 4309 748 4344 zur
793 4291 1097 4345 Riiekkehr
1144 4290 1242 4343 des
1289 4289 1486 4343 Medus

365 4379 554 4417 waren
593 4361 738 4418 viele
774 4361 944 4420 Jahre
980 4361 1297 4417 verflossen.

1020 2653 1311 2708 Naehdem
1360 2654 1484 2708 ihm
1526 2676 1532 2685 ’

1662 2513 1874 2578 liberie,
1903 2512 2145 2579 Leuten,
2176 2512 2266 2567 die
2286 2511 2563 2582 jembla-ei
2588 2510 2722 2565 sind

1589 2583 1704 2636 und
1745 2582 1837 2637 ein
1872 2583 2055 2637 Reeht
2091 2583 2274 2636 haben
2318 2583 2424 2637 frei
2469 2601 2538 2637 zu
2575 2583 2721 2638 sein.

1662 2659 1748 2708 27.
1787 2653 2126 2724 Dionysius,
2171 2655 2270 2709 der
2302 2654 2577 2724 Jiingere,
2615 2655 2722 2708 der

1589 2726 1735 2779 nach
1801 2724 1985 2779 seiner
2048 2724 2286 2779 zweiten
2338 2725 2722 2795 Vertreibung

1590 2795 1766 2850 durch
1796 2795 2088 2851 Timoleon
2127 2802 2230 2850 343
2267 2796 2328 2850 in
2354 2797 2594 2851 Korinth
2633 2796 2728 2850 in-

1903 2938 1915 2949 ·
1993 2937 2004 2949 ι
2143 2867 2275 2922 Dies
2310 2868 2426 2921 und
2468 2868 2569 2922 (13.3
2605 2867 2720 2922 fol-

1590 2938 2317 3091 {3323033132133¹m32¹li}¹g
2334 2955 2729 3065 aggessi?

1591 3081 1859 3150 begierde
1915 3083 2005 3135 1st.
2080 3081 2292 3150 Dionys
2356 3081 2549 3136 wollte
2605 3096 2723 3135 we-

1591 3150 1849 3221 nigstens
1913 3151 2052 3206 iiber
2105 3151 2340 3207 Knaben
2394 3152 2730 3220 hen-seben,

1591 3223 1666 3348 {a
1702 3238 1763 3276 er
1797 3222 1940 3277 iiber
1965 3224 2179 3292 Biirger
2215 3222 2374 3277 nieht
2407 3223 2719 3277 henschen

1633 3296 1819 3348 onnte.

1662 3382 1762 3420 nec
1807 3365 2114 3419 Veientium
2158 3381 2256 3418 nee
2291 3364 2423 3419 Lat.
2496 3363 2724 3418 Auffm-

1590 3435 1676 3505 lig
1727 3437 1829 3504 ist,
1886 3435 2010 3489 dass
2049 3436 2159 3490 Cic.
2209 3436 2370 3490 nicht
2426 3436 2537 3490 den
2583 3435 2727 3490 Por-

1593 3523 1768 3562 senna
1793 3507 1909 3561 und
1938 3506 2130 3561 seinen
2148 3506 2423 3574 Vel-such,
2463 3505 2557 3561 die
2577 3507 2725 3560 Tar—

1594 3578 1813 3648 quinier
1877 3578 2377 3646 zuriiekzufiihren,
2446 3578 2723 3645 erwahnt,

1594 3650 1730 3704 aber
1783 3668 1817 3701 v
1821 3650 1896 3719 31
1954 3649 2265 3703 Mommsen
2314 3621 2475 3704 R’sm.
2516 3648 2729 3704 Gesch.

1593 3722 1619 3774 I
1750 3727 1870 3775 228.
1920 3727 1970 3776 2.
2011 3720 2152 3775 Aufl.

1656 3739 1806 3861 {ap
1867 3791 1963 3847 13.
2047 3793 2110 3846 id
2174 3797 2250 3846 est
2312 3792 2564 3858 miseria,
2630 3791 2731 3845 die

1594 3863 1740 3917 doch
1751 3810 1925 3916 pdem
1963 3862 2190 3917 Weisen
2248 3832 2723 3918 selbstverstand-

1593 3934 1709 3989 lieh
1746 3932 1930 3988 fremd
1967 3934 2085 3988 sein
2122 3932 2292 4000 muss,
2332 3934 2406 3987 da.
2445 3951 2507 3988 er
2542 3934 2735 4003 vollig

1594 4005 1959 4074 tugendhaft,
2002 4005 2206 4059 mithin
2243 4005 2388 4059 auch
2426 4004 2731 4075 glfieklich

1594 4076 1681 4131 ist.

1666 4147 1877 4215 Habet,
1920 4147 2021 4201 ‘ist
2053 4148 2380 4202 verbunden
2415 4147 2569 4203 mit’.

1665 4220 2004 4285 foeditatem,
2031 4219 2277 4273 insofern
2297 4219 2397 4273 der
2414 4234 2529 4272 von
2550 4218 2734 4273 Kum-

1593 4305 1714 4343 mer
1769 4290 2057 4358 Gebeugte
2124 4291 2287 4345 einen
2349 4289 2737 4360 unwfirdigen

1595 4359 1707 4414 und
1730 4361 1898 4416 somit
1917 4360 2227 4416 hassliehen
2245 4361 2490 4415 Anblick
2521 4361 2737 4418 bietet.

1589 2867 1827 2922 terniert
1860 2867 2067 2922 wurde.

2764 1928 2821 1938 x
