2902 4649
537 159 1138 219 TUSCULANARUM
1173 161 1784 220 DISPUTATIONUM
1818 163 1912 220 IV.
1953 169 2180 220 22-26.
2449 161 2537 229 63

197 329 432 392 morbus
486 337 547 390 et
602 332 927 410 aegrotatio
992 337 1051 391 et
1112 331 1475 392 offensiones
1539 350 1669 412 eae,
1736 349 1886 411 quae
1953 340 2094 393 sunt
2159 332 2246 392 eis
2310 329 2538 392 morbis

196 418 806 499 aegrotationibusque
854 421 1203 481 contrariae.

360 507 544 589 Haec,
605 525 756 588 quae
816 507 977 589 dico,
1038 510 1394 588 cogitatione
1449 510 1609 570 inter
1670 528 1733 571 se
1796 510 2106 590 differunt,
2165 526 2232 570 re
2295 509 2536 590 quidem
2561 510 2645 575 11

197 597 455 677 copulata
502 604 672 675 sunt,
720 614 910 676 eaque
949 595 1227 659 oriuntur
1263 616 1336 658 ex
1372 597 1620 659 libidine
1667 606 1728 660 et
1774 617 1846 660 ex
1893 599 2131 661 laetitia.
2204 597 2352 659 Nam
2398 616 2536 662 cum

195 695 279 748 est
322 688 635 765 concupita
679 688 933 766 pecunia
987 704 1099 748 nec
1154 686 1414 749 adhibita
1471 689 1757 749 continuo
1813 690 1966 750 ratio
2022 690 2194 767 quasi
2248 687 2538 768 quaedam

196 774 486 836 Socratica
544 774 865 857 medicina,
927 793 1078 855 quae
1139 784 1377 837 sanaret
1436 794 1566 837 eam
1628 776 2040 858 cupiditatem,
2106 785 2418 857 permanat
2474 779 2537 837 in

191 882 361 925 venas
407 873 467 926 et
511 863 785 925 inhaeret
838 866 901 925 in
946 864 1280 927 visceribus
1324 864 1472 926 illud
1518 865 1738 927 malum
1786 868 2157 945 exsistitque*
2187 864 2431 927 morbus
2478 873 2538 926 et

192 955 533 1035 aegrotatio,
580 971 731 1032 quae
779 953 952 1014 evelli
996 956 1322 1016 inveterata
1369 973 1491 1016 non
1531 963 1811 1038 possunt,
1858 957 2034 1035 eique
2072 954 2281 1015 morbo
2320 972 2535 1015 nomen

193 1049 278 1103 est
320 1043 578 1104 avaritia.
672 1042 1078 1122 Similiterque
1137 1046 1325 1105 ceteri
1380 1042 1601 1125 morbi,
1666 1052 1734 1105 ut
1798 1043 2018 1124 gloriae
2085 1042 2406 1126 cupiditaS,
2470 1052 2538 1104 ut
2559 1058 2628 1108 25

191 1131 606 1212 mulierositaS,
653 1139 721 1193 ut
764 1134 847 1192 ita
893 1131 1185 1212 appellem
1229 1151 1386 1214 eam,
1434 1150 1586 1213 quae
1626 1132 1850 1195 Graece
1896 1131 2262 1214 φιλογυνία
2299 1132 2538 1213 dicitur,

193 1223 488 1300 ceterique
536 1219 810 1281 similiter
858 1220 1050 1281 morbi
1095 1224 1650 1302 aegrotationesque
1689 1229 2035 1283 nascuntur.
2128 1220 2292 1293 Quae
2338 1229 2537 1282 autem

200 1317 331 1370 sunt
374 1309 469 1371 his
508 1312 836 1390 contraria,
883 1328 952 1371 ea
997 1312 1163 1371 nasci
1198 1319 1489 1390 putantur
1536 1329 1569 1371 a
1615 1318 1807 1393 metu,
1852 1319 1921 1373 ut
1957 1311 2161 1372 odium
2197 1309 2535 1390 mulierum,

194 1397 357 1477 quale
401 1400 467 1459 in
513 1393 859 1482 μισογύνῳ
904 1398 1067 1460 Atilii
1123 1407 1240 1482 est,
1304 1408 1374 1461 ut
1437 1402 1501 1460 in
1566 1399 1874 1461 hominum
1928 1402 2275 1461 universum
2331 1416 2540 1480 genuS,

192 1487 339 1566 quod
385 1475 728 1567 accepimus
774 1486 847 1548 de
895 1488 1170 1571 Timone,
1232 1491 1336 1569 qui
1382 1480 1865 1569 μισάνθρωπος
1909 1488 2267 1569 appellatur,
2323 1496 2391 1551 ut
2448 1489 2538 1548 in·

189 1574 549 1656 hospitalitas
595 1583 713 1638 est:
760 1594 910 1656 quae
958 1594 1166 1638 omnes
1214 1579 1650 1657 aegrotationes
1697 1580 1876 1638 animi
1923 1597 1996 1638 ex
2061 1576 2315 1657 quodam
2373 1583 2537 1637 metu

191 1672 514 1727 nascuntur
552 1682 758 1727 earum
794 1683 1025 1747 rerum,
1073 1684 1221 1745 quas
1257 1667 1497 1746 fugiunt
1535 1674 1594 1726 et
1630 1666 1905 1728 oderunt.

190 1755 359 1815 animi
395 1755 867 1834 aegrotationem
904 1757 1305 1834 opinationem
1342 1756 1757 1817 vehementem
1796 1754 1869 1817 de
1906 1773 1973 1816 re
2020 1773 2142 1815 non
2189 1754 2537 1836 expetenda,

188 1850 480 1923 tamquam
545 1842 709 1904 valde
783 1843 1111 1923 expetenda
1187 1847 1290 1926 sit,
1366 1844 1776 1905 inhaerentem
1843 1851 1903 1905 et
1966 1846 2207 1924 penitus
2280 1845 2537 1905 insitam.

190 1930 350 2001 Quod
395 1938 599 1994 autem
645 1935 916 1994 nascitur
958 1950 1033 1992 ex
1078 1934 1405 1995 offensione
1464 1936 1547 1994 ita
1592 1933 1909 2015 definiunt,
1967 1935 2308 2013 opinionem
2364 1932 2538 1994 vehe-

188 2030 435 2108 mentem
489 2021 561 2082 de
609 2038 675 2081 re
722 2039 842 2082 non
889 2021 1166 2100 fugienda
1213 2017 1625 2084 inhaerentem
1688 2030 1749 2083 et
1801 2024 2044 2101 penitus
2097 2024 2338 2083 insitam
2393 2029 2538 2082 tam-

187 2210 628 2278 quemadmodum
664 2225 766 2280 nos
802 2211 1053 2266 dieamus
1091 2243 1187 2278 —,
1223 2212 1305 2267 sie

186 2296 236 2336 se
292 2283 471 2339 dicere
541 2282 720 2338 videri
787 2283 1053 2352 quaedam
1116 2283 1304 2352 utilia,

186 2369 315 2422 quae
346 2370 467 2410 nort
502 2354 648 2420 sinn
692 2359 758 2409 ut
792 2355 891 2410 hoc
925 2356 1112 2424 ipsum
1156 2356 1304 2411 vide-

184 2429 271 2478 tur
311 2426 599 2482 honestum
633 2455 703 2465 —
739 2426 833 2481 sed
875 2426 940 2493 fit
984 2442 1099 2482 non
1142 2427 1304 2482 hone-

185 2500 332 2551 stum.

248 2566 384 2638 Καρ.
415 2567 519 2622 11.
584 2567 768 2634 Haec,
795 2584 937 2637 quae

186 2636 293 2692 lich
325 2639 555 2724 morbus
589 2638 707 2693 und
742 2641 1059 2708 aeyrotatio.
1093 2710 1106 2722 ·

187 2726 307 2862 1:92⁶
338 2711 1073 2864 31¹3²3⁰sse⁰⁰1²2⁰13⁴33ss214⁸1¹23232
1086 2711 1307 2837 ἒωαέἒὲ

189 2849 273 2905 die
301 2852 554 2922 Sprache
589 2852 695 2908 hat
728 2853 821 2907 fiir
848 2853 938 2909 die
968 2853 1307 2909 Unterarten

185 2919 366 2978 beider
392 2941 501 2979 nur
526 2923 813 2979 dieselben
822 2923 1307 2995 Bezeichnungen.

249 3011 384 3063 quae
420 3000 678 3063 sanaret,
727 2994 818 3050 die
860 2995 1052 3051 heilen
1097 2996 1306 3062 winde,

184 3080 334 3120 wenn
422 3067 505 3121 sie
591 3065 841 3122 numlieh
930 3067 1301 3138 angewendet

184 3136 382 3190 wiirde.
457 3138 531 3192 de
580 3137 691 3208 leg.
741 3138 824 3193 111
873 3144 967 3205 17,
1020 3144 1090 3193 38
1149 3138 1301 3209 Quae

183 3206 265 3262 lm:
323 3209 471 3264 hanc
524 3209 847 3264 sententiam
909 3211 1173 3277 continet,
1237 3214 1303 3264 ut

183 3291 354 3333 omnes
390 3281 532 3351 loyes
567 3280 801 3348 tolleret,
839 3296 979 3349 quae
997 3286 1196 3349 postea
1220 3281 1301 3336 la·

183 3351 266 3404 tae
299 3356 446 3406 sunt.
526 3349 597 3403 de
634 3351 686 3405 d.
725 3354 842 3406 nat.
880 3350 933 3404 H
970 3357 1057 3422 56,
1098 3356 1196 3406 141
1237 3353 1303 3407 in

183 3421 446 3489 aedificiis
473 3422 759 3478 architecti
784 3427 1039 3478 avertwnt
1076 3425 1147 3479 ab
1176 3438 1302 3479 ocu-

185 3489 253 3544 lis
285 3494 624 3563 naribusque
650 3494 997 3549 dominorum
1033 3511 1124 3563 ea,
1162 3511 1303 3565 quae

176 3564 513 3632 profluentia
560 3567 864 3620 necessario
913 3567 1080 3621 taetri
1132 3572 1304 3621 essent

184 3632 395 3703 aliquid
430 3636 710 3692 habitura.

249 3708 427 3773 evelli,
468 3723 511 3762 s.
552 3725 595 3761 z,
634 3707 715 3761 III
753 3712 785 3774 ς
824 3713 891 3762 83
929 3708 1224 3777 eliyendae.

249 3781 334 3834 25.
382 3777 757 3848 Similiterque
803 3780 966 3834 ceteri
1009 3779 1186 3834 morbi
1231 3810 1299 3820 -

184 3849 444 3917 ceterique
492 3850 745 3905 similiter
793 3851 983 3906 morbi.
1057 3849 1164 3905 Die
1204 3851 1300 3905 be·

184 3933 435 3986 gonnene
509 3920 918 3977 Konstruktion
994 3921 1072 3976 ist
1142 3920 1304 3976 nicht

183 3988 597 4061 durehgeffihrt.
662 3992 766 4048 Die
795 3989 921 4047 Eile
947 3991 1040 4048 bei
1070 3991 1169 4047 der
1187 3992 1301 4047 Ab·

184 4057 411 4131 fassung
439 4061 539 4117 der
560 4062 770 4118 Schrift
796 4064 913 4118 und
942 4062 1033 4119 die
1054 4062 1300 4118 Sehwie·

182 4128 414 4201 rigkeit‚
456 4133 667 4190 welche
697 4134 811 4191 Cic.
842 4134 1048 4206 gerade
1084 4135 1144 4189 in
1181 4135 1301 4190 die-

186 4216 297 4255 sem
314 4203 650 4261 Abschnitte
668 4206 761 4261 die
781 4206 1000 4261 Saehen
1018 4206 1299 4275 maehten‚

185 4273 605 4346 entschnldigen
642 4276 733 4333 die
770 4276 1245 4348 Naohlfissigkeit.

250 4344 464 4401 Atilius
507 4347 667 4405 hatte
713 4348 838 4404 eine
874 4348 1147 4406 Komodie
1193 4348 1300 4403 Mi-

964 2569 1118 2624 dieo:
1143 2572 1302 2623 nnm-

1413 2228 1589 2281 sogyn
1625 2211 1685 2266 in
1720 2210 2135 2280 Nachahmung
2182 2209 2282 2265 des
2319 2208 2538 2280 gleich-

1411 2280 1566 2338 nami
1607 2298 1678 2339 en
1742 2281 1982 2338 Stfiokes
2045 2297 2158 2337 von
2229 2280 2539 2337 Menander

1453 2353 1579 2409 edic
1620 2356 1732 2423 tet,
1771 2371 1832 2408 er
1848 2354 2009 2409 hatte
2028 2354 2171 2409 auch
2193 2353 2284 2408 die
2304 2352 2539 2409 Elektra
2604 2403 2608 2406 .

1454 2443 1513 2481 es
1553 2424 1867 2497 Sophokles
1911 2423 2208 2480 ubersetzt.
2282 2424 2386 2479 Boi
2422 2422 2536 2480 Gie.

1410 2496 1587 2552 heisst
1624 2513 1684 2552 er
1717 2498 1929 2564 ferreus
1962 2497 2202 2565 scriptor
2248 2495 2342 2564 (de
2377 2494 2472 2550 fin.
2510 2495 2537 2549 Ι

1412 2566 2398 2707 tergeremus}
2417 2566 2536 2693 Aa

1642 2682 1655 2707 ,
1741 2682 1756 2707 ,
1794 2655 1829 2694 a
1854 2657 1879 2693 s
1960 2655 2053 2693 om
2118 2654 2178 2692 er
2204 2656 2257 2692 w
2391 2656 2420 2691 r
2514 2666 2536 2678 -

1415 2711 1562 2766 doeh
1597 2710 1850 2780 gefeiert.
2450 2655 2476 2708 J

1491 2782 1690 2837 Timon
1724 2798 1834 2837 von
1862 2781 2052 2835 Athen
2086 2780 2240 2835 lebte
2267 2779 2536 2836 wahrend

1416 2853 1516 2909 des
1551 2851 2092 2922 peloponnesisohen
2136 2851 2371 2922 Krieges
2419 2850 2537 2906 und

1415 2925 1577 2980 hatte
1613 2920 1734 2979 sich
1770 2923 1864 2979 ein
1900 2923 2344 2979 turmahnliches
2380 2922 2536 2978 Hans

1415 2994 1541 3050 fem
1594 3012 1706 3051 von
1761 2993 1893 3051 dem,
1925 2994 2181 3049 Verkehr
2226 2993 2334 3049 mit
2387 2994 2536 3050 allen

1408 3066 1655 3122 anderen
1719 3066 2025 3122 Mensehen
2097 3066 2327 3135 gebaut.
2416 3063 2538 3121 Seit

1409 3137 1813 3209 Aristophanes
1840 3137 1957 3192 und
1982 3136 2332 3192 namentlioh
2360 3135 2536 3190 durch

1409 3209 1626 3265 Lucian
1661 3209 1739 3264 ist
1774 3226 1837 3264 er
1872 3208 1973 3263 (lor
2009 3208 2200 3278 Typus
2243 3208 2343 3262 des
2379 3205 2535 3262 Men-

1411 3280 1809 3336 sehenhassers
1845 3279 2160 3350 geworden.

1411 3422 1464 3477 D
1484 3351 1935 3477 ffiffinefinpuffit
1954 3355 2194 3476 sffutffgm'
2272 3346 2535 3474 metffbe

1411 3439 1514 3548 1εέ
1555 3502 1620 3562 (Β.
1647 3438 1720 3548 ἳῖῗ
1750 3438 1898 3547 ἕόζ.
1935 3437 2055 3560 Α.)ῗ
2100 3438 2209 3546 „32²1ss
2245 3435 2381 3547 {Zia
2419 3437 2533 3545 αἰξὶ

1410 3566 1566 3621 sonet
1601 3579 1743 3635 ganz
1780 3561 2258 3631 iibereinstimmt‚
2296 3578 2410 3617 von
2437 3556 2534 3617 νό·

1410 3653 1584 3719 σημα)
1614 3635 1883 3690 πῆὶιτθιιᾶ
1911 3651 1972 3721 er
2000 3633 2093 3690 die
2120 3628 2534 3723 dqqmfft⁷2aoeroe

1407 3706 2536 3905 ἓξὲἓὲῗῖἓέιέίνζξέβέἴαῃμξὶτθὴζζᾶθεῇ

1410 3867 1540 3990 ha,
1588 3864 1879 3975 οῗὶθτθιᾶὲἓ
1934 3847 2535 3975 ξξέιιιῧθαζῗζᾶῖῶῖη

1408 3989 1787 4047 Untersohied
1814 3990 1936 4045 hier
1954 3989 2161 4045 wieder
2178 3990 2206 4044 f
2262 3990 2354 4045 len
2380 3988 2532 4045 lasst.

1485 4063 1645 4134 Quod
1700 4067 1881 4118 autem
1936 4062 2187 4117 nascitur
2242 4063 2348 4117 eet.
2421 4061 2536 4116 Der

1408 4134 1707 4190 Ausdruck
1743 4133 1819 4189 ist
1853 4149 2141 4202 ungentur,
2189 4132 2336 4188 deun
2384 4133 2532 4188 nach

1411 4211 1443 4273 ἓ
1481 4212 1550 4262 23
1603 4205 1730 4261 sind
1775 4203 1867 4260 die
1911 4202 2291 4260 krankhaften
2327 4203 2534 4258 Abnei·

1407 4294 1653 4360 gungom
1681 4276 2032 4345 offensiones,
2061 4275 2240 4331 selbst
2259 4274 2534 4359 gemeint,

1411 4349 1502 4404 die
1539 4366 1642 4406 aus
1679 4348 1779 4407 der
1815 4346 2024 4403 Furcht
2063 4349 2441 4417 entsprmgen.

1996 1665 2299 1727 Definiunt
2336 1673 2536 1728 autem
2557 1681 2629 1730 26
