2902 4649
274 153 319 216 4
1067 153 1142 209 M.
1180 154 1427 210 TULLII
1465 152 1852 210 CICERONIS

277 340 388 384 nec
438 329 557 383 tam
604 322 761 384 culta
807 330 1014 401 postea
1062 340 1240 402 quam
1287 324 1523 401 cognita
1571 330 1691 403 est,
1751 341 1864 383 nec
1925 330 2042 384 tam
2099 323 2301 385 multis
2357 331 2524 404 grata
2580 330 2643 386 et

276 409 542 492 probata,
586 411 862 491 pluribus
909 413 1086 473 etiam
1134 418 1411 491 suspecta
1451 423 1512 472 et
1550 407 1780 472 invisa?
1871 411 1962 472 An
2000 412 2160 491 quod
2197 415 2468 493 corporis
2506 431 2639 494 gra-

278 501 520 561 vitatem
568 507 629 561 et
673 500 940 561 dolorem
988 503 1182 562 animo
1231 500 1589 582 iudicamuS,
1650 502 1849 561 animi
1887 500 2164 563 morbum
2220 519 2472 582 corpore
2520 520 2641 563 non

280 585 616 650 sentimus?
690 588 775 651 Ita
822 590 887 652 fit
935 597 1003 651 ut
1038 591 1271 651 animus
1310 589 1383 649 de
1422 607 1487 649 se
1523 591 1654 669 ipse
1691 596 1819 651 tum
1856 589 2102 671 iudicet,
2149 608 2287 651 cum
2326 591 2385 651 id
2423 593 2641 673 ipsum,

228 688 259 736 2
281 696 399 757 quo
437 677 752 760 iudicatur,
790 686 1074 758 aegrotet.
1160 677 1331 749 Quod
1370 679 1424 738 si
1461 678 1595 739 talis
1633 696 1743 739 nos
1781 686 1993 739 natura
2030 681 2355 760 genuisset,
2405 689 2473 741 ut
2507 698 2639 741 eam

279 768 469 846 ipsam
517 768 740 828 intueri
796 776 857 828 et
911 769 1255 848 perspicere
1313 766 1639 847 eademque
1698 770 1919 847 optima
1974 768 2126 828 duce
2185 762 2429 830 cursum
2487 771 2639 830 vitae

280 856 575 916 conficere
634 875 974 939 possemus,
1029 856 1186 917 haud
1253 866 1382 917 erat
1434 874 1576 917 sane
1640 857 1795 935 quod
1855 859 2168 936 quisquam
2226 859 2516 918 rationem
2571 875 2641 918 ac

279 937 610 1005 doctrinam
657 948 1011 1025 requireret.
1102 944 1277 1006 Nunc
1319 944 1602 1025 parvulos
1658 944 1829 1006 nobis
1887 945 2051 1006 dedit
2106 944 2428 1026 igniculoS,
2489 965 2641 1025 quos

279 1033 555 1094 celeriter
601 1034 770 1095 malis
825 1034 1093 1096 moribus
1149 1033 1648 1114 opinionibusque
1711 1034 2014 1114 depravati
2060 1036 2146 1095 sic
2193 1036 2642 1118 restinguimus,

279 1130 346 1183 ut
392 1140 687 1201 nusquam
745 1132 992 1185 naturae
1046 1123 1249 1183 lumen
1304 1121 1603 1203 adpareat.
1697 1122 1851 1184 Sunt
1908 1124 2066 1183 enim
2112 1124 2368 1204 ingeniis
2414 1127 2640 1185 nostris

280 1212 505 1272 semina
567 1215 766 1273 innata
823 1215 1138 1293 virtutum,
1198 1229 1348 1290 quae
1410 1214 1464 1272 si
1518 1210 1863 1273 adulescere
1919 1211 2154 1292 liceret,
2213 1214 2341 1292 ipsa
2400 1229 2510 1274 nos
2566 1213 2642 1274 ad

279 1299 511 1360 beatam
557 1304 734 1362 vitam
785 1310 995 1362 natura
1048 1300 1425 1380 perduceret.
1515 1300 1688 1362 Nunc
1735 1307 1964 1380 autem,
2025 1300 2203 1361 simul
2257 1309 2435 1380 atque
2493 1301 2642 1363 editi

278 1390 339 1449 in
397 1388 594 1449 lucem
650 1396 710 1450 et
767 1392 1032 1470 suscepti
1088 1407 1322 1470 sumuS,
1390 1392 1453 1450 in
1519 1391 1681 1451 omni
1761 1391 2045 1450 continuo
2110 1391 2398 1469 pravitate
2446 1397 2506 1451 et
2572 1393 2637 1451 in

279 1495 509 1538 summa
556 1481 903 1558 opinionum
948 1480 1340 1559 perversitate
1378 1496 1706 1560 versamur,
1751 1486 1821 1539 ut
1855 1495 2043 1557 paene
2083 1496 2221 1538 cum
2256 1477 2407 1539 lacte
2449 1482 2641 1540 nutri·

279 1566 366 1626 cis
412 1585 681 1628 errorem
729 1570 960 1629 suxisse
1007 1567 1328 1628 videamur.
1422 1565 1572 1629 Cum
1620 1585 1759 1628 vero
1808 1565 2155 1645 parentibus
2202 1566 2437 1648 redditi,
2500 1567 2643 1629 dein

280 1658 578 1735 magistris
624 1658 826 1717 traditi
874 1675 1100 1737 sumuS,
1145 1663 1275 1717 tum
1319 1659 1402 1716 ita
1440 1658 1619 1717 variis
1654 1654 1961 1716 inbuimur
2000 1655 2328 1736 erroribuS,
2367 1664 2434 1717 ut
2472 1659 2633 1717 vani-

225 1779 257 1826 3
279 1746 385 1805 tati
440 1747 657 1806 veritas
714 1755 775 1807 et
830 1747 1095 1827 opinioni
1151 1745 1532 1806 confirmatae
1599 1738 1807 1805 natura
1869 1746 1997 1824 ipsa
2055 1745 2241 1805 cedat.
2332 1743 2644 1806 Accedunt

279 1834 457 1894 etiam
510 1841 747 1915 poetae,
813 1838 918 1913 qui
978 1853 1115 1895 cum
1180 1852 1450 1914 magnam
1516 1835 1777 1913 speciem
1834 1833 2139 1894 doctrinae
2195 1835 2639 1914 sapientiaeque

276 1939 420 2001 prae
469 1940 534 1982 se
584 1923 875 2005 tulerunt,
938 1922 1293 2004 audiuntur,
1339 1922 1648 2002 leguntur,
1697 1922 2049 1983 ediscuntur
2095 1930 2155 1983 et
2209 1922 2637 1984 inhaerescunt

276 2012 518 2090 penitus
573 2014 634 2073 in
693 2011 1017 2093 mentibus3
1084 2030 1221 2073 cum
1275 2029 1415 2071 vero
1487 2010 1722 2093 eodem,
1788 2013 1957 2090 quasi
2021 2027 2332 2072 maxumus
2399 2011 2641 2090 quidam

278 2102 583 2183 magister,
638 2100 895 2181 populus
950 2103 1212 2163 accessit
1264 2108 1441 2180 atque
1498 2102 1691 2160 omnis
1747 2099 2011 2179 undique
2070 2099 2140 2159 ad
2196 2101 2334 2160 vitia
2391 2119 2639 2162 consen-

278 2190 432 2249 tiens
479 2189 815 2270 multitudo,
862 2198 989 2251 tum
1036 2189 1209 2269 plane
1258 2190 1556 2250 inficimur
1603 2190 1952 2268 opinionum
1997 2189 2283 2267 pravitate
2330 2207 2363 2249 a
2402 2197 2640 2250 natura-

342 2415 633 2483 pluribus,
698 2414 947 2469 n'simlich
1013 2431 1178 2483 quam
1240 2420 1406 2486 qrata

280 2490 386 2553 σείς
432 2486 701 2540 πῆὶιτειιᾶ
736 2502 803 2540 zu
838 2490 953 2540 tam
989 2486 1193 2540 multis>
1214 2504 1284 2540 zu
1321 2502 1406 2540 er-

279 2560 496 2626 gamen
531 2556 609 2611 ist
644 2574 811 2627 quam
841 2557 1087 2627 corporis
1113 2557 1403 2613 medicina.

353 2645 431 2684 an
484 2629 645 2698 quod.
719 2615 872 2682 Uber
934 2627 1044 2683 den
1110 2627 1407 2683 Gebrauch

278 2715 392 2755 von
437 2716 515 2753 an
561 2717 604 2754 s.
652 2719 698 2754 z.
738 2700 791 2754 II
840 2705 934 2766 18,
982 2705 1068 2754 42.
1141 2700 1255 2753 Der
1301 2699 1406 2754 Ge-

279 2769 463 2839 danke
492 2770 597 2825 ist:
635 2771 749 2825 Der
777 2770 971 2824 Grund
998 2771 1149 2825 kann
1174 2787 1282 2824 nur
1309 2771 1408 2825 der

281 2840 429 2908 sein,
484 2840 606 2896 dass
651 2842 753 2896 wir
800 2841 891 2895 die
937 2841 1254 2896 Krankheit
1306 2842 1405 2896 des

278 2911 525 2980 Korpers
581 2911 889 2980 erkennen,
945 2912 1036 2966 die
1092 2913 1191 2966 der
1244 2911 1404 2967 Seele

279 2980 456 3052 nicht,
493 2982 623 3037 weil
661 2982 752 3037 die
772 2981 1089 3037 Krankheit
1125 2983 1216 3037 die
1244 2981 1405 3038 Seele

280 3052 529 3120 hindert,
587 3053 707 3108 sich
761 3054 939 3108 selbst
988 3072 1059 3108 zu
1104 3052 1402 3111 erkennen.

279 3122 428 3179 Plut.
469 3123 642 3178 animi
691 3141 764 3178 an
811 3140 960 3193 corp.
1000 3123 1090 3179 aff.
1130 3122 1244 3178 sint
1291 3124 1402 3194 pei.

279 3210 324 3248 c.
375 3200 407 3248 3
462 3194 574 3248 τῶν
630 3193 735 3265 μὲν
792 3193 899 3264 γὰρ
957 3194 1088 3264 περὶ
1133 3190 1197 3249 τὸ
1246 3195 1403 3265 σῶμα

277 3261 612 3335 νοσημάτων
680 3262 998 3337 ἐρρωμένος
1053 3262 1083 3320 ὃ
1138 3262 1403 3336 λογισμὸς

278 3333 649 3406 αἰσθάνεται,
725 3344 842 3400 τοῖς
918 3335 983 3392 δὲ
1049 3337 1147 3406 τῆς
1217 3338 1404 3407 ‘mvsa

279 3409 568 3462 συννοσῶν
606 3403 781 3471 αὐτὸς
819 3403 926 3463 οὐκ
966 3405 1082 3495 ἔχει
1118 3409 1302 3478 κρίσιν
1339 3356 1403 3464 ἕν

281 3475 365 3540 οἷς
410 3475 630 3547 πάσχει.
706 3476 910 3550 πάσχει
960 3499 1068 3548 γαρ
1114 3472 1160 3552 ᾧ
1207 3480 1401 3549 κρίνει.

352 3551 598 3617 corporis
643 3552 968 3619 qravitatem
1005 3575 1072 3597 ==
1116 3547 1405 3623 βαρύτητα

280 3619 381 3673 τοῦ
423 3616 695 3690 σώματος,
733 3621 1063 3677 Krankheit.

352 3696 401 3746 2.
449 3691 511 3745 id
554 3692 736 3759 ipsum
784 3707 890 3761 quc
935 3693 1248 3759 iudicatur,
1306 3693 1405 3747 das

283 3760 477 3832 Organ
513 3760 611 3816 der
647 3761 1026 3832 Beurteiluug.

350 3834 621 3888 rationem
668 3849 734 3888 ac
780 3834 1114 3899 doctrinam,
1158 3834 1404 3904 philoso-

281 3903 516 3974 phische
553 3904 996 3974 Unterweisung.

344 3976 615 4044 parvulos
677 3976 835 4030 nobis
897 3976 1048 4030 dedit
1104 3976 1404 4047 iynieulos:

282 4046 352 4100 de
388 4046 499 4115 leg.
539 4047 564 4099 I
606 4051 688 4114 12,
726 4052 811 4100 33.
875 4047 957 4101 sic
992 4047 1233 4117 intelleyi
1266 4049 1404 4115 vola,

281 4118 374 4172 ius
419 4117 563 4185 quod
609 4118 790 4172 dicam
833 4122 1044 4172 natura
1092 4134 1225 4186 esse,
1280 4125 1403 4174 tan-

282 4192 396 4242 tam
441 4192 620 4242 autem
665 4204 772 4243 esse
822 4190 1184 4259 corruptelam
1228 4192 1404 4246 malae

283 4259 720 4327 consuetudinis,
778 4265 839 4315 ut
896 4262 966 4316 ab
1013 4278 1079 4316 ea
1128 4266 1404 4331 tamquam

282 4329 518 4399 iyniculi
589 4332 1017 4402 exstinyuantur
1088 4350 1126 4388 a
1195 4337 1404 4388 natura

1514 2416 1650 2470 dati.
1726 2414 1795 2467 de
1844 2414 1936 2468 fin.
1977 2413 2027 2467 V
2068 2418 2166 2480 15,
2204 2418 2270 2467 43
2311 2415 2482 2482 parvi
2524 2415 2643 2469 vir-

1514 2491 1695 2540 tutum
1756 2485 2070 2540 simulacris
2079 2525 2096 2551 ,
2159 2501 2397 2553 quarum
2457 2485 2520 2539 in
2581 2501 2641 2540 se

1513 2557 1711 2612 habent
1763 2557 1998 2622 semina,
2054 2557 2174 2610 sine
2227 2556 2481 2611 doctrina
2529 2572 2638 2611 mo-

1514 2633 1711 2683 ventur
1718 2647 1738 2693 ;
1791 2632 1922 2682 sunt
1965 2628 2109 2681 enim
2143 2627 2337 2695 prima
2381 2628 2641 2683 elementa

1514 2703 1767 2765 naturae,
1796 2699 2003 2767 quibus>
2021 2698 2202 2753 auctis
2226 2699 2449 2753 virtutis
2475 2700 2642 2768 quasi

1515 2787 1728 2841 yermen
1765 2770 2019 2837 eflicitur.

1585 2841 1834 2910 suscepti.
1892 2840 2179 2910 Suscipere
2198 2865 2265 2885 =
2288 2841 2470 2895 tollere
2496 2840 2641 2895 wird

1515 2928 1627 2967 von
1663 2912 1792 2966 dem
1829 2911 2002 2966 Vater
2038 2912 2262 2981 gesa-gt,
2311 2910 2410 2965 der
2454 2911 2638 2966 durch

1513 2982 1813 3037 Aufheben
1837 2999 1953 3046 ,von
1979 2982 2110 3037 dem
2127 2982 2320 3036 Boden
2357 2982 2457 3037 das
2486 2981 2641 3037 Kind

1515 3055 1599 3108 als
1638 3055 1738 3108 das
1777 3052 1988 3123 seinige
2027 3051 2351 3108 anerkennt.

1584 3126 1649 3179 in
1684 3127 1850 3191 omni,
1889 3124 1939 3177 d.
1978 3123 2016 3178 i.
2054 3124 2112 3178 in
2143 3122 2305 3193 jeder
2342 3127 2459 3178 Art.

1584 3196 1806 3262 redditi,
1842 3195 2091 3250 nmlich
2129 3213 2165 3248 a
2200 3196 2527 3250 nutricibus.

1581 3267 1835 3336 opinioni
1870 3267 2250 3334 confirmatae,
2300 3265 2638 3336 ‘eingewut·

1511 3338 1713 3393 zeli-,em
1749 3338 2110 3393 Vorurteile'.

1583 3410 1726 3478 Καρ.
1773 3408 1832 3464 2.
1908 3414 1958 3463 3.
2015 3414 2065 3462 et
2118 3409 2525 3463 inhaerescunt:
2583 3415 2640 3464 et

1514 3481 1650 3535 oder
1694 3484 1854 3549 atque
1909 3480 2063 3535 steht
2110 3477 2204 3534 bei
2252 3480 2379 3534 dem
2425 3480 2642 3534 letzten

1514 3549 1711 3606 Gliede
1749 3549 1904 3605 einer
1932 3549 2127 3619 Reihe,
2165 3566 2328 3604 wenn
2366 3550 2483 3605 dies
2514 3551 2640 3607 ent-

1515 3622 1700 3676 weder
1746 3620 1947 3688 allein,
2003 3622 2138 3676 oder
2184 3621 2291 3675 mit
2337 3621 2465 3676 dem
2512 3638 2640 3676 vor-

1513 3692 1909 3762 hergehenden
1964 3710 2032 3745 zu
2090 3691 2243 3747 einer
2287 3692 2639 3749 besonderen

1514 3762 1740 3833 Gruppe
1813 3763 2137 3819 verbunden
2216 3763 2326 3817 den
2397 3763 2640 3832 iibrigen

1514 3834 1781 3891 Gliedern
1800 3834 2297 3904 entgegengesetzt
2313 3833 2468 3889 wird.
2499 3834 2642 3889 Hier

1514 3905 1671 3976 giebt
1708 3906 2092 3961 inhaerescunt
2129 3904 2229 3960 das
2258 3904 2518 3960 Resultat
2544 3922 2638 3973 an,

1514 3978 1614 4033 das
1651 3993 1751 4031 aus
1788 3977 1897 4031 den
1936 3976 2147 4031 andern
2186 3975 2516 4046 entspringt.
2583 3979 2639 4033 V

1513 4054 1573 4116 4,
1629 4053 1693 4102 10
1748 4048 2087 4116 studioseque
2141 4048 2211 4103 ab
2266 4048 2341 4101 iis
2393 4048 2640 4104 siderum

1512 4120 1939 4189 maynitudines,
1972 4119 2282 4185 intervalla,
2311 4134 2504 4174 cursus
2532 4136 2637 4175 an-

1513 4191 1874 4260 quirebantur
1920 4194 1970 4244 et
2006 4196 2206 4245 cuncta
2241 4190 2507 4245 caelestia.
2584 4190 2639 4245 V

1520 4267 1600 4330 14,
1630 4267 1696 4315 41
1748 4261 2011 4317 Volumus
2037 4263 2179 4316 enim
2207 4277 2345 4327 eum,
2378 4263 2480 4330 qui
2508 4263 2639 4317 bea-

1512 4338 1602 4387 tus
1638 4333 1735 4399 sit,
1773 4337 1953 4387 tutum
1989 4348 2098 4388 esse
2132 4333 2637 4404 inexpuquabilem,
