2902 4649
216 683 306 812 a

253 200 258 206 ,
323 128 408 194 88
571 213 574 220 ¹
1111 129 1186 186 M.
1228 129 1475 187 TULLII
1512 130 1897 188 CICERONIS

325 295 482 368 Quid
529 291 716 375 ergo‘?
769 294 867 357 hic
913 314 1081 358 amor
1135 296 1377 358 Medeae
1435 307 1653 377 quanta
1708 299 2086 360 miseriarum
2141 302 2420 362 excitavit
2475 302 2684 363 incen-
2736 301 2741 308 ’

323 383 444 445 dia!

322 475 634 554 coniugem
681 472 960 536 habuisse

536 385 729 464 Atque
790 403 858 446 ea
918 392 1118 447 tamen
1178 387 1335 467 apud
1393 386 1575 448 alium
1628 392 1868 468 poetam
1920 390 2077 468 patri
2132 388 2334 450 dicere
2389 390 2569 453 audet
2615 410 2693 452 se

411 570 615 674 illum,
653 601 841 661 Amor
877 617 1053 675 quem
1090 599 1372 675 dederat,
1419 604 1529 676 qui
1564 606 1705 677 plus
1744 602 1934 680 po'llet
1970 607 2297 681 potiorque
2342 603 2434 665 e'st
2471 612 2677 683 patre.

504 723 621 784 Sed
668 730 873 804 poetas
928 724 1135 786 ludere
1193 727 1483 807 sinamuS‚
1548 743 1805 805 quorum
1871 726 2084 788 fabulis
2148 731 2210 788 in
2274 728 2390 789 hoc
2455 729 2685 809 flagitio

324 815 550 874 versari
601 815 798 892 ipsum
856 813 1126 875 videmus
1179 813 1405 875 Iovem:
1471 815 1541 875 ad
1608 817 1924 895 magistros
1989 818 2229 877 virtutis
2291 816 2682 899 philosophos

323 903 656 982 veniamus,
716 903 818 981 qui
877 921 1143 964 amorem
1202 911 1420 983 negant
1479 906 1673 984 stupri
1730 922 1861 965 esse
1919 914 1979 967 et
2032 907 2096 965 in
2142 924 2213 966 eo
2260 905 2495 986 litigant
2539 925 2687 969 cum

323 988 586 1069 Epicuro
647 1009 766 1051 non
826 991 1107 1075 multum,
1165 1001 1234 1053 ut
1292 994 1492 1073 opinio
1553 1011 1684 1054 mea
1748 994 1892 1075 fert,
1952 997 2296 1055 mentiente.
2390 995 2536 1066 Quis
2584 1005 2683 1057 est

326 1079 483 1139 enim
529 1081 642 1141 iste
691 1098 855 1141 amor
901 1077 1237 1144 amicitiae?
1283 1100 1393 1142 cur
1431 1100 1627 1161 neque
1667 1082 1994 1144 deformem
2033 1083 2477 1145 adulescentem
2515 1086 2679 1164 quis-

326 1185 503 1247 quam
550 1178 704 1230 amat
749 1187 942 1249 neque
992 1170 1320 1230 formosum
1368 1166 1618 1231 senem‘?
1707 1170 1851 1231 Mihi
1896 1172 2140 1251 quidem
2192 1173 2342 1234 haec
2385 1175 2446 1234 in
2496 1172 2679 1234 Grae-

329 1275 536 1317 corum
583 1260 900 1338 gymnasiis
948 1266 1084 1319 nata
1131 1259 1501 1320 consuetudo
1549 1260 1811 1342 videtur,
1865 1262 1928 1321 in
1975 1261 2193 1340 quibus
2241 1264 2342 1324 isti
2397 1262 2572 1323 liberi
2617 1269 2689 1324 et

330 1347 598 1407 concessi
645 1355 784 1408 sunt
829 1365 1080 1408 amores,
1171 1346 1333 1409 Bene
1382 1366 1525 1428 ergo
1571 1348 1830 1410 Ennius:

505 1450 738 1528 Flciqiti
771 1450 1151 1532 principium
1197 1463 1288 1516 est
1330 1457 1574 1518 nudare
1620 1452 1783 1517 inter
1828 1456 1990 1517 cives
2038 1456 2321 1534 co'rpora.

242 1593 308 1645 τι
330 1573 446 1647 Qui
490 1582 560 1636 ut
604 1578 752 1658 sint,
799 1577 960 1656 quod
995 1578 1129 1639 fieri
1165 1597 1341 1658 posse
1381 1578 1578 1660 video,
1624 1579 1852 1659 pudici,
1897 1578 2135 1641 solliciti
2172 1588 2371 1641 tamen
2416 1591 2478 1643 et
2521 1582 2687 1643 anxii

332 1672 473 1725 sunt
518 1682 710 1743 eoque
756 1668 970 1748 magis,
1017 1666 1177 1745 quod
1224 1686 1289 1728 se
1333 1670 1449 1748 ipsi
1496 1670 1805 1729 continent
1852 1675 1913 1728 et
1957 1674 2255 1729 coercent.
2345 1670 2568 1750 Atque,
2616 1679 2695 1731 ut

329 1752 656 1814 muliebres
702 1772 936 1816 amores
981 1757 1275 1836 omittam,
1333 1755 1552 1836 quibus
1599 1759 1884 1818 maiorem
1936 1757 2239 1818 licentiam
2285 1767 2498 1819 natura
2542 1777 2687 1819 con-

328 1844 535 1923 cessit,
583 1845 716 1921 quis
765 1853 867 1905 aut
912 1843 988 1903 de
1033 1843 1355 1923 Ganymedi
1401 1853 1579 1924 raptu
1625 1845 1857 1907 dubitat
1903 1845 2045 1923 quid
2092 1852 2304 1926 poetae
2351 1847 2533 1909 velint
2579 1856 2692 1909 aut

326 1948 448 1991 non
493 1930 785 2010 intellegit
831 1932 974 2011 quid
1029 1933 1187 2013 apud
1233 1932 1581 2014 Euripidem
1638 1944 1699 1996 et
1752 1933 2030 2012 loquatur
2087 1943 2148 1996 et
2202 1938 2404 2014 cupiat
2458 1934 2691 1997 Laius?

328 2100 435 2155 dea
473 2101 630 2169 exul,
688 2121 729 2155 s.
768 2100 1025 2158 Ribbeck
1052 2104 1120 2159 tr.
1147 2104 1247 2160 rel.
1277 2122 1332 2174 p.
1362 2110 1449 2159 40.

326 2171 361 2225 J
363 2187 500 2227 ason
546 2174 703 2243 sagte
750 2172 841 2227 die
877 2172 1073 2229 Worte
1126 2193 1195 2229 zu
1235 2175 1453 2245 Medea,

328 2243 416 2298 als
461 2244 614 2299 diese
660 2244 781 2299 ihre
819 2243 1153 2301 Verdienste
1201 2263 1299 2300 um
1345 2247 1449 2301 ihn

327 2314 570 2372 rflhmte.
643 2314 771 2386 Vgl.
838 2315 1029 2386 Eurip.
1086 2317 1291 2373 Medea
1347 2324 1453 2374 530

317 2380 499 2457 Ἔρως
537 2383 590 2442 σ’
621 2381 909 2457 ἠνάγκασε
945 2385 1145 2455 Τόξοις
1172 2384 1451 2458 ἀφύκτοις

329 2452 543 2529 τοῦμὸν
582 2455 826 2513 ἔκσῶσάι
864 2455 1055 2528 δέμας.

400 2530 750 2585 miseriarum
801 2559 870 2570 -—
916 2531 1190 2587 incendia.
1265 2530 1384 2586 Cat.
1424 2533 1450 2586 I

334 2606 418 2670 11,
456 2606 524 2655 29
562 2618 639 2655 an
674 2617 796 2655 cum
825 2601 959 2658 bello
986 2602 1296 2658 vastabitur
1323 2605 1449 2658 Ita-

330 2672 412 2727 lia
448 2703 515 2712 —
565 2678 684 2727 tum
728 2678 779 2728 te
820 2689 936 2727 non
979 2674 1259 2729 existimas
1305 2676 1448 2729 invi-

331 2743 459 2799 diae
492 2744 747 2799 incendio
785 2745 1270 2826 conflagraturum.

402 2815 576 2870 alium
601 2820 838 2883 poetam.
912 2815 1169 2871 Ribbeck
1191 2815 1258 2871 R.
1281 2817 1450 2888 Trag.

331 2903 387 2955 p.
427 2891 532 2939 324
568 2886 733 2941 weist
776 2885 884 2941 den
917 2886 1061 2941 'Vers
1108 2888 1207 2941 der
1251 2885 1450 2943 Medea

331 2957 429 3012 des
474 2955 751 3011 Pacuvius
798 2975 890 3025 zu,
948 2974 1036 3012 wo
1084 2958 1204 3012 sich
1250 2959 1450 3013 Medea.

329 3026 513 3082 ihrem
530 3026 703 3081 Vater
728 3027 1051 3096 gegem‘iber
1076 3028 1451 3101 rechtfertigt,

333 3096 455 3152 dass
493 3098 573 3153 sie
608 3097 710 3152 ihn
745 3097 1029 3157 verlassen
1062 3099 1226 3156 habe.
1259 3106 1266 3113 '

403 3168 545 3239 Καρ.
575 3168 672 3226 33.
732 3175 817 3224 70.
847 3185 1082 3225 morem
1111 3176 1315 3240 moyam
1343 3173 1446 3227 oet.

333 3239 405 3295 So
452 3240 615 3296 Plato
669 3241 786 3295 und
843 3240 933 3297 die
980 3239 1217 3296 Stoiker.
1293 3241 1445 3297 Stob.

332 3312 436 3367 ecl.
472 3312 526 3366 11
561 3330 615 3381 p.
656 3317 760 3367 118
796 3307 898 3367 τὸν
936 3309 1001 3367 δὲ
1043 3308 1313 3383 ἐρωτικὸν
1348 3313 1449 3369 καὶ

332 3383 461 3468 διχῇ
496 3381 769 3453 λέγεσθαι
805 3378 907 3438 τὸν
944 3381 1051 3454 μὲν
1079 3379 1208 3439 κατ’
1239 3378 1449 3454 ἀρετὴν

329 3473 501 3510 notor
528 3456 841 3510 σπουδαῖον
869 3449 1011 3511 ὄντα
1077 3450 1176 3510 τὸν
1203 3453 1268 3510 δὲ
1296 3453 1445 3511 κατὰ

331 3525 543 3580 κακίαν
586 3521 651 3580 ἐν
686 3521 852 3598 ψόγῳ
891 3522 966 3609 ὥς
1002 3496 1076 3582 ἐν
1116 3522 1443 3598 ἓρωτομανῆ

331 3615 478 3651 τινα.
528 3597 825 3666 Wogegen
853 3597 1069 3667 Ep1kur
1095 3598 1317 3654 iiberall
1342 3617 1447 3653 nur

332 3666 425 3722 die
454 3665 726 3722 sinnliche
745 3667 887 3722 Lust
904 3667 994 3722 fiir
1023 3668 1113 3724 die
1138 3687 1236 3724 urs
1278 3676 1444 3740 rfing-

331 3736 481 3793 liche
516 3737 632 3792 und
666 3737 765 3793 der
801 3738 969 3808 geisti
1010 3756 1081 3795 en
1116 3759 1187 3795 zu
1271 3742 1446 3796 tunde

330 3808 589 3879 liegende
626 3808 853 3865 erklart.
1003 3810 1055 3864 ie
1081 3810 1269 3867 hohen
1286 3813 1450 3867 Wert

334 3896 396 3934 er
457 3880 634 3936 daher
696 3880 840 3934 auch
896 3879 994 3935 der
1045 3880 1450 3938 Freundschaft

330 3950 571 4022 beilegt,
618 3951 709 4005 die
746 3951 920 4007 Liebe
957 3951 1214 4007 definiert
1259 3971 1319 4009 er
1362 3954 1448 4008 als

330 4019 612 4150 ἱῦντονῖξγ
647 4018 833 4149 εἷῧὲξὸις
877 4017 1243 4092 ἀφροδισίων.
1317 4025 1446 4095 Vgl.

380 4110 497 4149 uer.
796 4138 809 4151 .

403 4181 518 4221 non
578 4164 809 4219 multum
864 4197 932 4205 —-
985 4166 1295 4233 mentiente,
1350 4166 1449 4221 der

332 4236 448 4292 fast
485 4235 575 4290 die
613 4234 911 4291 Wahrheit
948 4237 1090 4307 sagi.
1179 4286 1184 4293 .

403 4309 468 4363 in
523 4306 857 4378 Gymnasiis,
939 4307 1298 4380 Wenigstens
1352 4310 1446 4366 be-

1561 2102 1811 2161 forderte
1859 2105 1959 2159 der
2002 2105 2141 2161 freie
2178 2106 2433 2161 Verkebr
2476 2107 2537 2162 in
2583 2108 2695 2163 der

1560 2175 1818 2231 Palaestra.
1844 2177 1960 2231 und
1989 2176 2089 2230 der
2106 2174 2349 2232 Anblick
2379 2178 2477 2233 der
2502 2178 2683 2234 nack-

1561 2249 1660 2303 ten
1694 2247 1915 2317 Korper
1952 2246 2235 2318 demtige
2272 2248 2683 2306 Verhffltnisee.

1631 2318 1881 2375 Emoius.
1968 2319 2087 2374 Aus
2141 2319 2414 2376 welchem
2471 2320 2690 2377 Stt‘icke

1560 2390 1661 2445 der
1696 2390 1838 2445 Vers
1873 2391 1978 2458 ist,
2025 2390 2101 2445 ist
2135 2391 2478 2447 unbekannt.
2551 2392 2689 2449 Wie

1561 2463 1754 2531 streng
1781 2461 1872 2515 die
1899 2462 2109 2517 Romer
2136 2462 2197 2516 in
2225 2462 2433 2518 diesem
2456 2464 2684 2520 Punkte

1560 2531 1830 2603 (hebben,
1886 2530 2038 2603 zeigt
2093 2533 2164 2587 de
2220 2532 2313 2589 off.
2358 2534 2385 2588 I
2430 2540 2526 2603 35,
2576 2541 2688 2591 129

1556 2608 1740 2658 nostro
1778 2604 1995 2674 quidem
2030 2621 2174 2660 more
2208 2621 2331 2660 cum
2349 2608 2687 2675 parentibus

1549 2675 1783 2744 puberes
1807 2675 1945 2743 lilii,
1982 2691 2105 2747 cum
2130 2677 2330 2731 soceris
2356 2678 2543 2746 ymeri
2566 2695 2689 2734 non

1558 2747 1835 2802 lavantur.

1631 2816 1770 2887 Qui.-
1805 2833 1934 2873 ,aus
1996 2818 2127 2875 dem
2179 2819 2683 2890 vorhergehenden

1557 2903 1765 2943 amores
1809 2887 2014 2944 mussi-‚e
2068 2906 2201 2944 man
2255 2890 2375 2946 sich
2428 2897 2681 2947 amantes

1558 2963 1851 3029 ergamen.
1925 2946 2076 3015 Uber
2120 2961 2272 3016 diese
2324 2961 2527 3021 freiete
2572 2963 2678 3017 Be-

1556 3028 1800 3100 ziehung
1836 3031 1934 3085 des
1971 3031 2289 3087 Pronomen
2325 3050 2369 3087 e.
2404 3052 2453 3088 z.
2490 3040 2577 3101 21,
2605 3040 2686 3090 48

1554 3101 1953 3170 gladiatoriam
2007 3132 2074 3142 -
2130 3105 2196 3158 in
2247 3105 2322 3159 iis
2374 3105 2529 3174 ipsis.
2601 3105 2678 3160 de

1557 3187 1670 3227 sen.
1722 3178 1782 3241 3,
1837 3180 1868 3229 ’7
1929 3189 2089 3244 saepe
2148 3175 2386 3243 interfui
2443 3177 2685 3247 querelis

1557 3244 1872 3313 aequalium
1905 3261 2144 3301 mamm
2179 3275 2277 3314 -—,
2313 3264 2454 3316 quae
2482 3245 2541 3304 0.
2570 3247 2682 3303 Sa-

1555 3314 1765 3369 linator
1793 3345 1860 3356 —-
1889 3316 2174 3386 deplorare
2207 3319 2464 3374 solebant.
2536 3320 2679 3375 Sall.

1558 3383 1679 3440 Cat.
1720 3390 1806 3456 18,
1845 3392 1872 3440 1
1911 3388 2005 3443 sed
2040 3393 2204 3443 antea
2242 3390 2370 3445 item
2414 3391 2679 3447 coniura-

1551 3472 1673 3511 vere
1697 3459 1878 3526 pauci
1913 3464 2105 3514 contra
2132 3476 2245 3514 rem
2271 3461 2576 3530 publicam,
2609 3463 2683 3517 in

1552 3529 1752 3597 quibus
1791 3528 2037 3585 Catilima
2092 3532 2232 3598 fuit,
2286 3533 2353 3587 de
2405 3550 2518 3603 qua
2572 3533 2677 3604 (sc.

1554 3600 1982 3725 affimativa),
1997 3618 2163 3670 quam
2182 3603 2457 3659 verissime
2463 3610 2683 3674 potero,

1617 3686 1753 3725 cam.

1629 3747 1712 3798 71.
1769 3744 2054 3800 muliebres
2106 3761 2327 3800 amores.
2403 3745 2520 3801 Das
2560 3747 2681 3800 Ad·

1549 3811 1830 3880 jectivum
1866 3814 2019 3870 steht
2054 3816 2179 3871 hier
2215 3818 2354 3870 stati
2383 3816 2539 3873 eines
2567 3817 2681 3873 Ge·

1554 3883 1777 3940 netivus
1814 3885 2143 3954 objectivus.
2215 3904 2270 3956 p.
2318 3887 2537 3965 cluent.
2586 3894 2682 3957 28,

1560 3961 1625 4010 ’17
1673 3957 1893 4012 invidia
1944 3959 2251 4024 senatoria,
2302 3958 2442 4015 Hafa
2491 3976 2679 4031 gagen

1557 4026 1667 4081 den
1697 4027 1897 4094 Senatu
1934 4029 2279 4084 namentlich
2316 4030 2419 4085 das
2454 4047 2679 4101 posses-

1558 4097 1676 4153 sive
1711 4098 2028 4154 Pronomen
2060 4100 2200 4155 vird
2248 4101 2441 4172 hiiufig
2479 4119 2543 4158 so
2577 4118 2678 4173 ge-

1554 4169 1820 4238 braucht,
1892 4172 2162 4227 rationem
2231 4188 2389 4228 suam
2462 4175 2684 4243 habere,

1557 4241 1698 4296 stati,
1730 4259 1776 4297 r.
1814 4243 1905 4296 sui
1937 4243 2147 4298 habere.

1626 4313 1832 4381 Laius,
1885 4313 2075 4384 Ktinig
2115 4332 2225 4372 von
2262 4314 2518 4384 Theben,
2576 4316 2685 4372 der
