2902 4649
328 136 413 233 92
1111 168 1185 221 M.
1225 165 1470 221 TULLII
1509 164 1894 221 emenoms

517 337 585 396 P.
651 335 978 409 Eloquere,
1027 337 1335 409 eloquere,
1382 324 1484 392 ῥέε
1531 332 1823 406 Arqivum
1861 329 2099 408 proe'lio
2145 338 2215 391 ut
2257 349 2322 391 se
2371 326 2650 391 stistinet:

514 425 585 485 Ε.
651 425 783 484 Non
823 422 984 499 po'tis
1030 421 1236 497 ecfari
1279 419 1515 481 tdntum
1573 422 1779 495 dictis,
1836 418 2129 495 qudntum
2179 419 2370 496 factis
2427 418 2703 496 suppetit

657 512 933 573 Laboris.

331 618 607 696 Quiesce·
630 620 814 697 igitur
869 625 930 678 et
975 616 1184 677 volnus
1232 613 1445 695 adliga!

335 715 537 787 posset
582 707 869 786 Aesopus,

1537 614 1731 676 Etiam
1787 618 1838 676 si
1885 614 2223 695 Eurypylus
2277 621 2514 695 posset,
2570 630 2697 672 non

509 832 579 891 E.
656 832 770 893 Ubi
815 829 1076 906 fortuna
1131 830 1414 892 Hectoris
1469 836 1739 891 nostram
1799 845 2011 890 aerem
2073 826 2270 889 eciem
2331 823 2699 889 inclinatdm

1619 912 1882 997 [dedit]

332 1034 392 1086 et
439 1033 637 1086 cetera
685 1025 937 1105 explicat
984 1026 1046 1084 in
1093 1024 1323 1105 dolore3
1371 1026 1459 1084 sic
1505 1031 1599 1084 est
1645 1025 1802 1083 enim
1848 1026 2254 1102 intemperans
2302 1022 2576 1084 militaris
2623 1023 2691 1081 in

333 1116 473 1175 forti
517 1117 646 1175 viro
693 1114 895 1193 gloria.
988 1112 1146 1191 Ergo
1191 1111 1340 1173 haec
1379 1120 1696 1173 veteranus
1736 1111 1904 1172 miles
1941 1112 2138 1172 facere
2177 1114 2425 1192 poterit,
2473 1111 2693 1171 doctus

331 1205 422 1263 vir
469 1206 825 1282 sapiensque
864 1221 983 1262 non
1022 1198 1288 1282 poterit?

1374 1200 1478 1261 Ille
1519 1219 1660 1273 vero
1699 1200 1911 1262 melius
1951 1219 2018 1261 ac
2058 1219 2178 1261 non
2217 1199 2390 1279 paulo
2431 1198 2705 1279 quidem.

242 1303 311 1352 40
335 1290 451 1352 Sed
500 1290 694 1366 adhuc
742 1292 815 1352 de
864 1290 1297 1352 consuetudine
1346 1291 1790 1352 exercitationis
1843 1289 2091 1371 loquor,
2152 1290 2415 1351 nondum
2473 1288 2549 1348 de
2610 1305 2706 1347 ra-

336 1385 494 1440 tione
552 1389 612 1441 et
668 1381 972 1460 sapientia.
1065 1378 1348 1439 Aniculae
1407 1397 1584 1458 saepe
1650 1379 1906 1439 inediam
1962 1377 2213 1438 biduum
2268 1386 2369 1438 aut
2433 1376 2709 1437 triduum

316 1470 563 1529 ferunt:
610 1468 841 1529 subduc
889 1468 1091 1529 cibum
1135 1486 1324 1528 unum
1372 1467 1530 1527 diem
1577 1467 1860 1529 athletae:
1906 1465 2105 1527 Iovem
2144 1466 2511 1546 Olympium,
2561 1482 2708 1525 eum

335 1559 559 1637 ipsum,
606 1559 704 1617 cui
752 1576 816 1617 se
864 1563 1132 1637 exercet,
1178 1555 1531 1636 inplorabit‚
1578 1557 1737 1616 ferre
1784 1574 1905 1615 non
1952 1574 2127 1635 posse
2176 1554 2465 1616 clamabit.
2544 1552 2698 1613 Con-

335 1645 672 1707 suetudinis
711 1663 918 1725 magna
955 1647 1046 1705 vis
1085 1651 1203 1705 est:
1249 1652 1604 1724 pernoctant
1641 1651 1957 1706 venatores
2005 1646 2066 1704 in
2105 1646 2239 1704 nive
2275 1645 2339 1703 in
2375 1641 2704 1722 montibuS‚

334 1737 432 1794 uri
488 1753 552 1795 se
608 1737 919 1815 patiuntur
974 1733 1134 1814 Indi;
1199 1733 1432 1814 pugiles
1499 1732 1799 1806 caestibus
1860 1735 2097 1793 contusi
2162 1751 2238 1792 ne
2305 1733 2714 1815 ingemiscunt

245 1834 313 1882 41
337 1822 595 1902 quidem.
689 1821 804 1883 Sed
871 1822 1015 1902 quid
1080 1822 1219 1904 hos,
1285 1821 1506 1902 quibus
1573 1821 1985 1901 Olympiorum
2049 1822 2295 1882 victoria
2361 1819 2711 1881 consulatus

334 1909 433 1971 ille
482 1912 762 1989 antiquus
799 1907 1081 1972 videtur?
1127 1910 1484 1989 gladiatores
1497 1957 1516 1991 ‚
1564 1918 1666 1970 aut
1712 1910 1933 1991 perditi
1977 1910 2255 1970 homines
2301 1916 2403 1970 aut
2448 1907 2712 1988 barbari,

336 2016 484 2078 quas
529 1997 1120 2079 plagasperferunt!
1177 2017 1294 2078 quo
1343 1998 1519 2059 modo
1567 1998 1689 2081 illi,
1735 2001 1839 2077 qui
1883 1998 2036 2059 bene
2090 1999 2352 2059 instituti
2397 2005 2567 2077 sunt,
2613 2014 2709 2056 ac-

336 2089 535 2167 cipere
593 2086 822 2167 plagam
879 2087 1106 2148 malunt
1161 2105 1338 2166 quam
1394 2089 1654 2167 turpiter
1717 2086 1931 2147 vitare!
1986 2101 2167 2165 quam
2227 2104 2403 2166 saepe
2460 2084 2713 2164 adparet

335 2176 484 2236 nihil
528 2194 632 2235 eos
679 2176 849 2236 malle
897 2194 1074 2256 quam
1120 2176 1213 2236 vel
1259 2175 1500 2236 domino
1554 2178 1696 2237 satis
1745 2177 1940 2236 facere
1989 2175 2080 2236 vel
2127 2172 2382 2255 populo!
2456 2173 2711 2234 Mittunt

339 2266 516 2326 etiam
562 2263 905 2324 volneribus
952 2265 1209 2326 confecti
1255 2263 1329 2324 ad
1379 2264 1653 2326 dominos
1703 2266 1807 2346 qui
1854 2272 2143 2344 quaerant
2190 2262 2333 2344 quid
2381 2262 2592 2323 velint:
2649 2263 2704 2321 si

340 2355 483 2413 satis
528 2355 602 2413 iis
649 2354 870 2414 factum
916 2356 1026 2434 sit,
1073 2372 1137 2414 se
1184 2353 1332 2414 velle
1381 2353 1758 2415 decumbere.
1852 2352 1999 2423 Quis
2048 2353 2367 2413 mediocris
2413 2351 2707 2431 gladiator

338 2488 633 2543 Ausdruck
681 2487 781 2542 der
820 2489 1280 2557 Verwunderung
1324 2488 1465 2543 iiber

339 2558 492 2614 seine
529 2559 669 2613 iiber
695 2559 795 2613 das
822 2559 1203 2614 Menschliche
1231 2557 1461 2613 hiuaus-

339 2629 591 2700 gehende
629 2629 1173 2701 Heldenhaftigkeit.

410 2701 606 2755 Etiam
666 2702 717 2755 si
779 2701 1001 2772 Euryp.
1074 2702 1236 2756 Auch
1299 2717 1463 2756 wenn

340 2770 458 2825 dies
495 2772 595 2826 der
619 2772 915 2826 wirkliche
945 2773 1259 2843 Eurypylus
1298 2772 1460 2826 hatte

337 2843 480 2895 thun
533 2842 785 2909 konnen,
838 2843 1030 2899 wiirde
1085 2859 1146 2898 er
1201 2860 1260 2897 es
1314 2843 1463 2897 nach

341 2911 470 2966 dem
503 2912 565 2966 in
592 2914 720 2968 dem
749 2912 957 2967 Stiicke
985 2913 1466 2983 durchgefiihrteu

341 2982 651 3037 Charakter
686 2984 801 3056 des,
822 2983 1140 3053 Eurypylus
1193 2985 1294 3039 der
1330 2985 1464 3038 Tra-

341 3053 535 3124 gbdie,
599 3053 707 3123 den
762 3043 984 3125 Asopus
1048 3055 1241 3125 spielt‚
1307 3055 1468 3110 nicht

338 3125 577 3178 konnen.
651 3122 901 3194 Asopus,
980 3125 1137 3180 einer
1208 3125 1308 3180 der
1369 3143 1466 3196 ge-

299 3208 304 3213 ·
337 3195 632 3250 feiertsten
677 3194 1068 3265 Schauspieler
1121 3196 1219 3250 der
1277 3196 1468 3251 dama-

337 3265 493 3336 ligen
547 3266 697 3334 Zeit,
761 3283 878 3322 war
942 3266 1164 3322 Ciceros
1227 3267 1467 3337 Freund‚

336 3337 455 3391 und
482 3337 594 3392 Cic.
636 3338 874 3406 erklart,
910 3353 1018 3392 von
1047 3336 1165 3393 ihm
1194 3338 1255 3392 in
1281 3339 1469 3410 Bezug

339 3407 450 3532 {ug
472 3408 581 3462 den
617 3409 864 3478 Vox-trag
908 3408 1083 3464 vieles
1133 3409 1356 3480 gelernt
1401 3427 1469 3463 zu

379 3494 414 3531 a.
453 3494 538 3534 en.

411 3549 691 3617 Hectoris,
737 3549 878 3604 iiber
922 3550 1014 3605 die
1063 3549 1255 3621 Lange
1300 3551 1399 3606 des
1436 3567 1469 3606 o

341 3637 384 3675 s.
422 3639 467 3674 z.
508 3619 533 3671 Ι
569 3625 665 3688 44,
708 3626 825 3676 105.

411 3695 498 3746 40.
538 3689 674 3746 Sed.-
728 3690 875 3745 doch
911 3691 1115 3751 ,davon
1168 3692 1315 3747 habe
1371 3692 1469 3747 ich

339 3761 487 3816 noch
551 3761 711 3816 nicht
771 3779 839 3815 zu
894 3762 1168 3831 sprechen
1220 3781 1274 3817 u.
1314 3779 1355 3817 e.
1394 3781 1464 3817 w.

339 3834 432 3888 sed
467 3832 624 3887 ffihrt
656 3833 804 3887 nach
840 3831 994 3888 einer
1029 3833 1467 3904 Abschweifung

340 3922 465 3958 zum
503 3903 723 3958 Thema
756 3903 977 3958 zuriick.

411 3975 529 4040 cui,
588 3974 679 4027 ‘zu
734 3974 933 4029 dessen
990 3973 1182 4030 Ehre’.
1241 4006 1309 4016 --
1361 3975 1467 4029 Die

340 4043 748 4115 Gefrei-ssigkeit
828 4044 927 4099 der
997 4044 1268 4100 Athleten
1349 4062 1468 4101 war

340 4114 808 4184 sprichwbrtliqh.

410 4187 554 4252 ferre
603 4202 718 4241 non
758 4202 933 4256 posse.
1005 4173 1159 4243 Uber
1195 4186 1288 4242 die
1326 4188 1469 4241 Aus-

338 4256 526 4333 lassun
626 4257 724 4312 des
769 4258 1114 4313 Pronomens
1154 4276 1194 4315 s,
1236 4275 1279 4312 z.
1318 4258 1343 4311 1
1382 4262 1469 4328 25,

340 4333 426 4382 60.
555 4327 639 4384 ier
672 4329 749 4384 ist
786 4328 961 4384 durch
1000 4330 1100 4385 das
1137 4330 1469 4400 Weglaseen

1571 2505 1686 2544 von
1744 2505 1800 2544 se
1862 2488 2203 2544 absichtlich
2250 2488 2390 2550 ‚eine
2453 2486 2707 2557 groseere

1571 2558 1754 2614 Kiirze
1811 2560 2077 2626 erstrebt,
2143 2558 2250 2614 wie
2319 2558 2396 2613 ad
2449 2558 2624 2614 Attio.
2681 2556 2709 2611 1

1572 2638 1627 2698 4,
1666 2636 1731 2684 10
1786 2632 1949 2700 quasi
1993 2631 2149 2685 dieas
2195 2632 2260 2684 in
2305 2634 2490 2698 operto
2529 2629 2711 2696 fuisse

1569 2702 1714 2827 (mag).
1779 2701 1860 2756 Ib.
1881 2706 2044 2770 putes
2079 2703 2310 2770 inquam
2336 2702 2515 2755 dicere
2538 2703 2714 2767 (eum)

1571 2773 1596 2826 i
1673 2773 1781 2826 ices
1825 2773 2018 2826 emisti.
2091 2790 2146 2842 p.
2187 2771 2241 2827 S.
2282 2772 2441 2827 Rosc.
2491 2776 2590 2838 22,
2632 2776 2701 2825 61

1571 2844 1826 2911 confitere
1859 2847 1958 2910 (te)
1991 2844 2098 2897 huc
2134 2859 2199 2897 ea
2233 2858 2327 2912 ape
2362 2843 2583 2897 venisse.

1645 2915 1745 2975 uri,
1787 2929 1843 2967 se
1886 2930 1945 2983 p.
2002 2915 2159 2973 Indi.
2233 2913 2535 2967 Dieselben
2559 2911 2704 2966 Bei-

1575 2984 1750 3054 spiele
1781 2983 1905 3038 sind
1934 2984 1986 3038 V
2006 2986 2092 3052 27,
2116 2990 2183 3040 77
2205 2984 2532 3052 angefiihrt3
2561 2982 2705 3052 hier,

1573 3071 1662 3110 wo
1701 3054 1792 3109 die
1827 3055 2021 3109 Macht
2063 3056 2163 3109 der
2200 3054 2572 3123 Gewohnung
2608 3071 2712 3123 ge-

1574 3124 1724 3195 zeigb
1760 3126 1985 3180 werden
2032 3126 2163 3194 soll,
2216 3125 2294 3181 ist
2339 3124 2431 3180 die
2475 3125 2712 3179 Erwah·

1576 3196 1864 3322 nungPldzr
1890 3196 2055 3320 Indc-IJr
2081 3196 2307 3322 ffieilgh
2333 3195 2709 3322 ηἶιὲιίἐιεὶἲίἓω

1578 3285 1670 3322 am
1739 3284 1929 3338 raze,
1968 3285 2053 3323 as
2149 3284 2179 3322 e
2260 3283 2379 3322 ewo
2502 3284 2553 3322 e1
2651 3283 2711 3321 es

1575 3337 1789 3394 Volkes
1843 3339 1989 3393 auch
2043 3338 2153 3393 den
2199 3337 2488 3393 einzelnen
2549 3338 2713 3392 mehr

1578 3410 1841 3480 befahigt
1858 3452 1873 3479 ,
1912 3409 2172 3464 Schmerz
2209 3427 2277 3463 zu
2313 3410 2528 3480 tragen.

1649 3486 1736 3533 41.
1795 3480 1904 3535 Sed
1938 3482 2074 3550 quid
2109 3482 2232 3548 hoe,
2284 3481 2398 3550 vgl.
2436 3481 2461 3533 I
2504 3484 2601 3547 15,
2641 3485 2712 3533 34

1576 3553 1672 3607 sed
1707 3553 1843 3621 quid
1872 3557 2081 3621 poeitae.

1651 3622 1968 3677 consulatus
2016 3623 2137 3678 ille.-
2196 3639 2258 3677 so
2297 3621 2414 3677 viel
2446 3623 2591 3676 wert
2627 3622 2712 3676 als

1579 3693 1680 3746 das
1708 3691 1986 3748 Konsulat
2019 3693 2080 3747 in
2116 3693 2225 3748 den
2261 3694 2462 3747 besten
2496 3693 2711 3762 Zeiten,

1575 3780 1664 3817 wo
1701 3781 1833 3818 man
1870 3781 1928 3819 es
1965 3764 2123 3819 nicht
2160 3764 2336 3819 durch
2372 3763 2529 3818 Kanf
2571 3764 2711 3819 oder

1576 3834 1754 3889 durch
1789 3835 1970 3890 Gunst
2014 3836 2166 3890 eines
2211 3835 2384 3890 Cesar
2432 3835 2710 3904 erlangte.

1647 3906 1698 3959 si
1731 3907 1869 3960 satis
1906 3908 2009 3961 cet.
2084 3907 2198 3961 Der
2236 3906 2552 3976 Gegensatz
2604 3905 2712 3960 ists

1575 3992 1739 4030 wenn
1780 3977 1917 4031 aber
1961 3976 2053 4032 die
2090 3977 2306 4032 Herren
2351 3977 2501 4031 noch
2546 3976 2711 4032 nicht

1575 4046 1882 4116 befriedigt,
1909 4048 2089 4118 seien,
2129 4064 2190 4103 so
2219 4048 2453 4102 wollten
2488 4047 2571 4102 sie
2601 4047 2714 4102 den

1577 4116 1794 4188 Kampf
1822 4118 2141 4173 fortsetzen.

1651 4190 1960 4244 decumbere
1986 4190 2063 4244 ist
2092 4189 2391 4244 stehender
2408 4189 2712 4245 Ausd‘ruck

1578 4276 1691 4314 von
1719 4260 1848 4316 dem
1877 4260 2198 4327 Gladiator,
2236 4261 2335 4315 der
2361 4261 2472 4316 den
2501 4261 2713 4316 Todes-

1578 4329 1716 4385 stote
1773 4332 2080 4402 empffingt.
2155 4332 2300 4386 Phil.
2347 4331 2429 4386 ΙΙΙ
2489 4337 2584 4404 14,
2644 4338 2711 4387 35
